2453 3145
219 650 954 757 Quaestionum
982 654 1648 761 Lysiacarum
1683 655 2216 763 specimen.

1148 874 1286 919 Scripsit

968 943 1059 987 Fr.
1112 942 1469 988 Kirchner.

908 1037 941 1070 0
1146 1034 1174 1057 a„
1198 1025 1289 1057 1869.

1191 1228 1225 1273 I.

219 1288 383 1363 Octava
401 1322 546 1376 Lysiae
565 1323 689 1362 oratio
708 1327 749 1361 et
766 1327 998 1375 argumento
1027 1328 1066 1360 et
1083 1335 1262 1361 sermone
1290 1327 1370 1360 tam
1391 1319 1560 1359 obscura
1582 1320 1777 1374 plerisque
1796 1322 1884 1360 visa
1901 1329 1961 1361 est
1979 1323 2050 1360 vix
2068 1328 2112 1361 ut
2129 1335 2217 1360 eam

215 1397 479 1439 concederent
495 1409 583 1436 esse
602 1396 761 1449 Lysiae.
799 1396 870 1436 sed
889 1410 1030 1437 vereor
1047 1411 1097 1436 ne
1115 1397 1170 1437 illi
1189 1398 1352 1437 celerius
1372 1410 1487 1449 quam
1507 1398 1637 1435 verius
1655 1396 1927 1436 iudicaverint.
1962 1410 2091 1450 neque
2111 1397 2217 1435 enim

215 1470 420 1512 debebant
443 1469 629 1511 iudicium
656 1469 788 1510 facere
817 1470 1045 1524 priusquam
1072 1469 1248 1511 difficiles
1268 1470 1457 1510 orationis
1486 1475 1618 1523 partes
1637 1469 1857 1509 accuratius
1876 1469 2216 1523 perquisivissent.

215 1558 308 1586 nam
336 1551 398 1584 est
424 1557 472 1584 ea
498 1543 734 1583 foedissimis
763 1544 915 1583 mendis
942 1545 1168 1598 inquinata:
1206 1558 1306 1598 quae
1341 1557 1416 1597 ego
1445 1544 1519 1581 etsi
1546 1558 1624 1581 non
1652 1557 1767 1595 spero
1796 1557 1858 1582 me
1886 1544 1942 1582 ita
1969 1543 2216 1582 sublaturum

215 1633 302 1660 esse
331 1626 372 1659 ut
390 1633 545 1672 semper
563 1618 686 1671 ipsius
714 1618 860 1671 Lysiae
887 1632 1025 1659 manus
1053 1617 1271 1672 detegatur,
1299 1625 1341 1659 at
1367 1617 1540 1659 certe'in
1568 1630 1614 1657 eo
1635 1615 1847 1658 elaborabo
1865 1622 1920 1658 -ut
1945 1616 2070 1657 verba
2098 1629 2216 1671 quae-

214 1706 299 1736 ram
326 1705 427 1748 quae
454 1690 624 1747 aliquem
651 1690 824 1733 habeant
849 1691 1088 1733 intellectum
1115 1704 1241 1747 neque
1268 1704 1294 1732 a
1320 1703 1417 1732 vero
1445 1689 1606 1749 multum
1635 1690 1821 1730 aberrare
1851 1690 2075 1730 videantur.

403 1767 464 1806 Ne
492 1774 623 1806 autem
652 1767 827 1806 mutandi
861 1780 910 1805 ea
936 1781 1039 1820 quae
1065 1770 1107 1806 in
1135 1767 1335 1806 codicibus
1363 1768 1511 1820 scripta
1545 1774 1635 1804 sunt
1667 1766 1846 1817 cupidior
1883 1766 2035 1816 videar,
2063 1767 2216 1804 initium

214 1840 330 1881 huius
360 1842 584 1894 scriptionis
612 1855 637 1880 a
654 1840 838 1881 vocabuli
865 1842 1081 1892 cuiusdam,
1109 1849 1152 1881 ut
1170 1841 1469 1894 puto,.Lysiaci
1497 1838 1723 1878 defensione
1753 1839 1905 1879 faciam.
1961 1840 2089 1892 prima
2116 1840 2219 1879 enim

216 1915 406 1955 orationis
433 1914 558 1954 verba
583 1915 681 1954 haec
709 1922 818 1954 sunt:
845 1913 1089 1967 Ἐπιτήδειόν
1112 1930 1182 1966 μοι
1208 1914 1314 1954 δοκῶ
1340 1913 1484 1966 καιρὸν
1509 1912 1717 1967 εἰληφέναι
1743 1918 1834 1966 περὶ
1862 1911 1919 1954 ὦν
1944 1915 2072 1954 εἰπεῖν
2099 1913 2216 1965 ἐβου-

216 1987 343 2042 λόμην
367 1988 506 2036 πάλαι,
534 1989 694 2040 πάρεισι
718 1991 793 2040 μὲν
817 1986 894 2040 γὰρ
922 1986 981 2034 οἷς
1006 1987 1220 2038 ἐπεγκαλῶ.
1258 1988 1300 2027 in
1336 1987 1397 2027 his
1434 1986 1666 2037 ἐπεγκαλεῒν
1701 1986 1868 2027 verbum
1901 1986 2117 2027 Holschero
2147 1986 2216 2039 [de

215 2062 302 2102 vita
337 2071 378 2102 et
404 2062 557 2115 scriptis
585 2061 733 2116 Lysiae
760 2076 798 2115 p.
826 2059 890 2115 72]
928 2061 1028 2101 adeo
1065 2061 1263 2115 displicuit
1297 2068 1339 2102 ut
1364 2061 1461 2102 illud
1497 2062 1538 2101 in
1565 2063 1692 2101 causis
1724 2070 1951 2102 numeraret
1978 2076 2047 2101 cur
2073 2060 2216 2114 Lysias

217 2143 355 2193 auctor
381 2137 571 2176 orationis
598 2149 677 2175 non
706 2137 822 2175 esset:
876 2134 1085 2175 Scheibius
1123 2149 1194 2188 pro
1222 2148 1269 2174 eo
1298 2135 1406 2188 quod
1441 2136 1481 2175 in
1509 2135 1619 2176 libris
1647 2142 1708 2175 est
1745 2136 1901 2189 scripsit
1927 2135 2091 2186 ἐγκαλῶ.
2145 2133 2217 2173 sed

216 2215 261 2251 ut
285 2211 599 2263 praetermittam
626 2209 985 2259 ἐπαναγιγνώσκε,ν
1009 2207 1175 2248 verbum
1206 2208 1388 2249 similiter
1419 2211 1677 2264 compositum
1715 2218 1756 2251 et
1780 2224 1906 2264 aeque
1933 2225 2077 2261 rarum,
2113 2208 2220 2263 quod

217 2290 305 2327 ,erat
336 2283 444 2338 apud
475 2284 639 2338 Lysiam
670 2290 882 2338 antequam
918 2297 989 2339 pro
1017 2283 1280 2334 ἐπανάγνωθι
1316 2283 1423 2338 quod
1457 2283 1548 2326 libri
1575 2284 1723 2326 habent
1759 2298 1811 2325 ex
1848 2285 2072 2325 coniectura
2100 2284 2142 2326 P.
2169 2284 2216 2325 R.

217 2356 376 2403 Mulieri
400 2371 427 2399 a
452 2358 742 2419 Frohbergero,
770 2358 880 2399 cuius
907 2371 1033 2414 nuper
1058 2357 1220 2398 alterum
1245 2357 1480 2398 selectarum
1498 2360 1644 2413 Lysiae
1672 2360 1890 2398 orationum
1919 2359 2102 2398 volumen
2129 2372 2218 2412 pro-

219 2430 304 2484 diit,
330 2431 386 2471 ἔτι
412 2431 666 2482 δ’ἄνάγνωθι
692 2432 888 2472 vocabula
904 2433 945 2471 in
973 2432 1165 2471 decimam
1192 2433 1409 2470 orationem
1439 2430 1518 2485 [18]
1547 2439 1707 2485 recepta
1743 2441 1853 2472 sunt:
1890 2447 1960 2471 cur
1988 2433 2222 2482 ἐπεγκαλετν

218 2517 295 2553 πνρ
308 2518 389 2545 non
407 2507 535 2559 possit
552 2519 640 2545 esse
668 2507 701 2545 ‘c
712 2520 735 2545 o
747 2513 799 2545 ut
810 2520 865 2546 ra
882 2506 1026 2559 aliqu
1038 2519 1060 2545 c
1072 2520 1110 2545 m
1129 2507 1417 2545 accusationem
1435 2507 1499 2545 vel
1518 2508 1696 2545 convicia
1713 2507 1869 2556 sacere',
1888 2507 1989 2545 sicut
2006 2506 2226 2556 ἐπεγγελᾶν

218 2592 294 2619 τινι
319 2575 419 2631 [sivo
452 2579 553 2619 κατά
578 2577 694 2633 avoc]
733 2587 794 2620 est
819 2580 912 2621 ‘risu
947 2579 1116 2634 aliquem
1158 2580 1366 2633 persequi',
1405 2580 1621 2630 ἐπανάγειν
1655 2580 1695 2619 in
1729 2592 1773 2619 re
1809 2580 2007 2620 maritima
2043 2579 2222 2621 ‘classem

165 2699 170 2705 Ι
220 2657 358 2694 contra
389 2650 543 2693 hostem
583 2651 751 2705 ducere',
788 2653 977 2694 ἐπεκθεῖν
1020 2660 1063 2694 et
1094 2653 1335 2705 ἐπεκτρέχειν
1378 2653 1527 2694 ‘contra
1570 2652 1739 2707 aliquem
1783 2655 2032 2708 eruptionem
2067 2654 2223 2706 facere',

219 2726 417 2775 ,ἐπεξιέναι
442 2732 483 2766 et
508 2726 741 2774 ἐπεξελθεῖν
764 2728 806 2766 in
832 2740 877 2765 re
903 2727 1050 2766 forensi
1079 2728 1209 2779 ‘agere
1234 2734 1372 2767 contra
1397 2726 1576 2779 aliquem'
1612 2726 1677 2766 vel
1704 2727 1863 2766 ‘iudicio
1892 2741 1982 2766 eum
2011 2729 2222 2780 persequi',

220 2805 302 2854 'qua
323 2801 485 2846 notione
511 2801 702 2840 instructa
727 2799 827 2840 haec
854 2800 1047 2841 vocabula
1074 2809 1165 2841 sunt
1200 2800 1307 2853 apud
1332 2802 1460 2854 ipsum
1487 2800 1650 2854 Lysiam
1676 2799 1897 2841 identidem
1934 2799 2012 2855 ΗΟ,
2026 2803 2052 2843 2
2090 2810 2131 2842 et
2158 2802 2222 2843 31⁴.

219 2873 287 2925 23,
304 2875 359 2915 14.
388 2874 525 2926 31,18.
552 2875 617 2926 27,
630 2874 687 2915 15.
707 2873 847 2927 fragm.
866 2871 919 2927 8].
947 2873 1089 2914 similia
1105 2861 1338 2928 optimorum
1358 2874 1591 2928 scriptorum
1611 2873 1795 2933 exempla
1814 2874 1931 2916 facile
1949 2882 2010 2916 est
2027 2875 2226 2930 colligere,
