2453 3145
1219 116 1250 162 5

223 253 363 295 tudine
390 252 550 294 dicendi
575 265 706 307 quam,
732 252 801 292 ubi
828 256 955 292 καίτοι
989 251 1181 305 particula
1214 253 1345 304 utitur,
1378 253 1539 306 Lysiam
1574 266 1708 331 νέηαι-ο
1745 252 2022 293 demonstravi.
2068 255 2228 307 scripsit

223 327 344 381 igitur
370 330 455 366 nul
478 341 566 379 μοι
591 325 729 380 πολλῷ
754 325 903 365 πλείων
928 326 1007 365 ἐπὶ
1032 324 1186 377 σπουδὴ
1213 326 1314 377 πρὸς
1339 325 1429 371 τοὺς
1455 328 1665 376 παρόντας.

411 400 657 439 Eri-averunt
684 406 814 438 autem
841 398 988 438 librarii
1017 399 1057 437 in
1085 412 1133 436 ea
1160 412 1257 437 voce
1283 398 1390 437 haud
1419 413 1520 438 raro.
1566 401 1606 437 in
1644 400 1821 439 oratione
1856 414 1959 452 quae
1997 408 2057 439 est
2085 408 2222 440 contra

225 473 532 513 Theomnestum
563 470 639 525 [10‚
655 470 716 525 14]
758 471 848 511 libri
885 471 1031 511 habent
1066 475 1191 511 natvm
1217 470 1428 521 ἀνάγνωθι
1455 471 1522 511 τὸν
1548 473 1680 523 νόμον,
1717 472 1783 513 ubi
1810 473 2088 513 Marklandum
2115 480 2223 515 recte

225 546 430 600 scripsisse
457 552 565 599 patet
591 548 657 586 καί
682 560 762 598 μοι.
816 553 953 586 contra
978 546 1020 585 in
1046 544 1148 584 illius
1177 545 1362 585 orationis
1389 545 1560 598 epitome
1597 543 1673 599 [11,
1685 544 1722 600 7]
1754 559 1825 600 pro
1852 550 1918 586 καί
1942 563 1987 598 γε
2026 548 2132 601 quod
2160 561 2222 588 co-

226 620 334 662 dices
369 620 562 676 praebent
599 621 764 661 Contius
796 621 928 674 posuit
961 623 1087 660 καίτοι
1122 635 1178 670 γε.
1231 620 1356 660 verba
1393 620 1495 659 enim
1534 620 1698 659 oratoris
1731 619 1828 660 haec
1872 621 1955 661 fere
1993 629 2104 662 sunt:
2146 636 2221 676 ego

225 694 380 734 mallem
407 708 542 733 omnes
570 695 729 747 clypeos
755 694 948 733 abiecisse
974 709 1092 747 quam
1120 695 1316 747 parricida
1344 695 1494 746 putari:
1531 708 1826 746 quamquam
1864 703 1903 734 te
1936 696 2017 734 vidi
2045 696 2139 735 illud
2166 696 2221 735 fe-

227 769 339 821 cisse,
364 770 451 822 ipse
479 776 608 808 autem
637 769 793 807 servavi
822 767 1014 821 clypeumr
1067 768 1107 807 in
1142 767 1283 820 quibus
1319 768 1523 821 superiora
1560 769 1616 808 eis
1655 782 1757 822 quae
1796 783 1820 809 a
1856 784 2091 823 quamquam
2129 784 2220 811 con-

225 843 424 883 iunctione
459 842 651 895 incipiunt
684 842 899 882 rectissime
934 843 1235 896 restringuntur.
1290 840 1466 881 similiter
1506 841 1732 882 Nicomachi
1779 842 2010 896 sacrilegum
2049 844 2218 884 studium

227 928 427 956 sacrarum
475 914 605 969 legum
651 914 935 956 abolendarum
984 926 1023 957 et
1065 926 1284 957 commenta
1321 917 1404 956 eius
1440 915 1606 956 audacia
1633 923 1724 970 apte
1760 917 1861 956 inter
1895 930 1937 956 se
1972 925 2221 971 opponuntur

228 987 396 1043 [30,21]‚
424 995 632 1042 postquam
659 989 843 1027 Reiskius
870 993 995 1029 καίτοι
1029 988 1140 1036 οὗτος
1174 989 1196 1029 ὁ
1223 989 1435 1041 ἱερόσυλος.
1464 1021 1473 1028 .
1501 990 1700 1029 substituit
1729 992 1769 1028 in
1797 990 1924 1028 locum
1953 1004 2087 1029 eorum
2115 1005 2217 1043 quae

226 1065 267 1103 in
292 1063 406 1103 libris
433 1070 523 1103 sunt
550 1067 617 1102 καὶ
642 1062 790 1109 τούωις
814 1060 838 1103 o‘
863 1062 1065 1114 ἱερόσυλος
1091 1095 1100 1104 .
1131 1094 1139 1103 .
1168 1095 1178 1114 ,
1208 1072 1325 1117 atque
1362 1064 1401 1103 in
1431 1064 1606 1103 oratione
1633 1071 1769 1104 contra
1795 1063 2042 1104 Andocidem
2074 1065 2219 1118 scripta

225 1134 352 1191 [6‚31]
379 1136 637 1177 Marklandus
664 1140 731 1176 καὶ
757 1135 852 1177 ὅταν
877 1167 887 1176 .
916 1168 926 1177 .
955 1136 1134 1178 omnibus
1152 1135 1408 1191 probantibus
1435 1137 1600 1177 mutavit
1627 1138 1666 1177 in
1692 1140 1817 1178 καίωι
1844 1136 1940 1178 ὅταν
1967 1169 1975 1177 .
2005 1169 2014 1178 .
2042 1169 2052 1189 ,
2081 1144 2217 1178 contra

224 1203 267 1251 in
294 1210 470 1251 oratione
496 1209 653 1251 funebri
681 1206 807 1264 [2,42]
835 1216 968 1250 orator
1004 1224 1229 1265 perversam
1266 1210 1498 1250 instituisset
1524 1210 1808 1251 conclusionem
1847 1213 1879 1251 si
1915 1211 2081 1251 dixisset
2114 1224 2216 1265 quae

224 1283 289 1323 vel
313 1285 356 1323 in
381 1284 661 1324 recentissimis
688 1284 834 1337 Lysiae
863 1284 1098 1324 editionibus
1126 1284 1303 1324 videmus
1330 1288 1456 1324 καίτοι
1482 1287 1581 1331 τίνες
1605 1285 1658 1325 ἂν
1674 1285 1819 1332 τούτοις
1836 1288 1911 1325 νῦν
1928 1284 2063 1325 ἄλλων
2075 1283 2212 1337 Ἐλλή-

223 1370 305 1397 νων
336 1357 478 1411 ἤρισαν
511 1358 644 1415 γνώμῃ
679 1360 745 1396 καὶ
778 1357 931 1410 πλήθει
965 1361 1032 1397 καὶ
1071 1356 1207 1410 ἀρενῇς
1241 1359 1436 1396 sententia
1470 1358 1573 1396 enim
1609 1357 1708 1396 haec
1743 1366 1827 1398 est.⁸
1863 1359 2125 1398 Athenienses
2160 1357 2214 1396 ad

223 1444 397 1484 pugnam
434 1430 687 1469 Salaminiam
715 1431 901 1483 optimum
931 1431 1068 1470 ducem
1105 1431 1406 1470 Themistoclem
1442 1438 1482 1469 et
1507 1431 1692 1483 plurimas
1725 1446 1847 1471 naves
1883 1440 1923 1471 et
1956 1432 2214 1484 peritissimos

224 1518 355 1543 rerum
391 1505 671 1544 maritimarum
698 1505 805 1545 viros
832 1505 1098 1546 contulerunt:
1126 1506 1264 1557 atqui
1293 1501 1448 1558 [καίτοι]
1469 1518 1556 1544 cum
1574 1503 1650 1544 illis
1667 1518 1780 1544 nemo
1800 1519 1852 1546 ex
1870 1505 2022 1558 reliqua
2042 1504 2215 1544 Graecia

224 1584 378 1619 certare
412 1584 559 1632 potest:
595 1578 728 1631 itaque
759 1579 897 1619 merito
933 1593 958 1619 a
985 1577 1155 1619 Graecia
1187 1577 1355 1632 palmam
1390 1579 1577 1618 victoriae
1617 1578 1767 1620 navalis
1804 1586 2053 1633 acceperunt.
2108 1590 2210 1632 quae

226 1665 323 1692 sana
349 1666 429 1692 non
456 1659 548 1692 sunt
574 1653 648 1691 nisi
677 1656 800 1692 καίτοι
827 1652 1012 1692 Dobreeo
1042 1652 1141 1692 duce
1168 1659 1450 1692 commutamus
1477 1666 1566 1691 cum
1592 1657 1658 1692 καὶ
1683 1654 1772 1704 γάρ.

413 1725 596 1765 Ceterum
633 1727 829 1766 interdum
864 1730 989 1766 καίτοι
1024 1726 1235 1779 particulae
1272 1726 1482 1780 explicatio
1519 1727 1796 1779 interpretibus
1823 1741 2008 1780 magnum
2035 1726 2215 1767 exhibuit

223 1800 437 1852 negotium.
490 1799 524 1838 F
526 1798 789 1851 rohbergerus
823 1800 864 1838 in
899 1800 1025 1852 primo
1061 1799 1255 1859 volumine
1290 1799 1522 1839 selectarum
1558 1799 1704 1852 Lysiae
1741 1801 1958 1840 orationum
1988 1797 2040 1853 [p.
2068 1798 2132 1853 88]
2160 1800 2212 1840 ad

223 1871 455 1913 illustranda
492 1872 616 1913 verba
651 1874 838 1913 orationis
874 1887 991 1927 quam
1024 1875 1110 1927 ipse
1145 1874 1285 1928 Lysias
1321 1873 1514 1914 adversus
1549 1873 1850 1915 Eratosthenem
1886 1873 2024 1914 habuit
2057 1871 2134 1926 112,
2145 1872 2208 1927 89]

224 1944 324 1987 haec
350 1947 390 1986 in
409 1947 586 2000 margine
604 1947 790 1987 inferiore
825 1947 1011 1988 subiecit:
1047 1948 1151 1988 Nun
1178 1948 1318 1996 aber,
1356 1947 1410 1988 da
1444 1947 1509 1988 die
1536 1948 1812 2001 Vertheidiger
1839 1948 1903 1987 die
1931 1946 2105 1998 Qualitat
2139 1947 2211 1987 der

223 2019 381 2060 Thaten
409 2020 479 2061 des
505 2020 787 2061 Eratosthenes
813 2026 914 2062 trotz
941 2021 1036 2061 alles
1063 2021 1302 2061 Aufwandes
1330 2034 1407 2060 von
1436 2021 1640 2075 Sophistik
1665 2020 1774 2061 nicht
1791 2021 2057 2074 beschonigen
2084 2021 2210 2060 konn-

220 2100 300 2146 ten,
329 2094 475 2135 suchen
502 2096 559 2135 sie
586 2096 824 2149 wenigstens
849 2109 920 2135 aus
947 2094 1019 2134 der
1037 2095 1241 2144 Quantitat
1267 2096 1331 2134 ein
1355 2095 1864 2149 Vertheidigungsmoment
1889 2109 1939 2134 zu
1958 2094 2205 2135 entnehmen.

219 2168 378 2209 videtur
403 2170 522 2222 igitur
547 2170 741 2222 interpres
768 2170 966 2209 censuisse
992 2172 1116 2209 καίτοι
1142 2168 1371 2221 particulam
1406 2170 1446 2208 in
1487 2169 1652 2209 Graecis
1686 2169 1761 2209 illis
1787 2172 1911 2208 καίτοι
1935 2168 2127 2218 λέγουσιν,
2154 2166 2208 2214 ὥς

211 2241 511 2296 Ἐρατοσθένης
545 2243 730 2296 ἐλάχιστα
756 2247 833 2285 τῶν
857 2244 1063 2297 τριάκοντα
1089 2241 1191 2283 κακὰ
1217 2244 1419 2294 εἴργασται
1454 2241 1588 2283 valere
1615 2242 1745 2296 ‘atqui’
1781 2248 1821 2281 et
1845 2242 2029 2282 incohare
2057 2241 2209 2282 conclu-

218 2318 380 2358 sionem.
435 2319 506 2359 sed
532 2318 716 2359 incohata
743 2318 938 2358 conclusio
966 2324 1106 2370 postea
1130 2331 1208 2357 non
1235 2316 1465 2368 absolvitur,
1496 2324 1614 2369 atque
1641 2316 1857 2356 sententiae
1884 2316 2049 2355 oratoris
2077 2316 2208 2368 potius

216 2390 321 2431 hunc
353 2392 394 2431 in
429 2386 588 2431 m6dum
624 2392 855 2432 cohaerent:
883 2391 1159 2432 ‘difficillimum
1198 2398 1256 2429 est
1292 2390 1470 2430 facinora
1495 2392 1655 2443 triginta
1680 2391 1851 2429 virorum
1878 2387 2092 2428 defendere
2124 2386 2205 2441 [καὶ

215 2466 290 2516 μὸν
315 2463 365 2517 δι)
394 2493 404 2503 .
431 2496 439 2503 .
467 2495 476 2504 .
504 2463 880 2518 ἄπολογήσασθαι]ε
906 2473 956 2505 et
982 2473 1149 2504 tamen
1176 2462 1329 2517 [aalma]
1356 2464 1474 2503 amici
1493 2464 1762 2503 Eratosthenis
1790 2462 1925 2502 dieunt
1941 2476 2031 2501 eum
2048 2463 2208 2501 minime

217 2553 269 2579 ex
295 2538 456 2593 triginta
481 2538 577 2578 viris
603 2539 834 2592 peccavisse
858 2538 1028 2593 ideoque
1054 2544 1217 2579 censent
1243 2551 1332 2578 eum
1358 2537 1595 2578 servandum
1622 2536 1732 2577 esse’.

402 2613 541 2667 Neque
567 2613 692 2667 magis
720 2612 845 2667 probo
873 2613 1050 2655 eiusdem
1075 2612 1303 2667 interpretis
1329 2611 1493 2653 similem
1521 2611 1822 2665 explicationem
1849 2611 1910 2652 his
1936 2613 2126 2654 orationis
2153 2613 2209 2653 vi-

163 2743 166 2746 *
217 2687 392 2741 gesimae
410 2688 568 2742 quintae
587 2684 667 2741 [13]
686 2686 819 2727 verbis
839 2686 1073 2728 subiectam:
1092 2686 1390 2740 hisnwuqrqieoe
1406 2685 1569 2733 οὐδενὸς
1584 2692 1718 2738 χεῖρον
1734 2689 1810 2726 ωῧν
1826 2687 2010 2727 πολιῶν·
2038 2690 2209 2727 καίτοι

215 2760 286 2801 διὰ
310 2763 421 2802 τοῦτο
447 2761 568 2801 πλείω
595 2764 671 2801 τῶν
696 2758 774 2800 ὑπὸ
809 2763 875 2813 τῆς
897 2762 1051 2807 πόλεως
1075 2764 1421 2812 προσταττομένων
1452 2761 1734 2814 ἐδαπανώμην,
1761 2766 1830 2800 iva
1857 2766 1924 2799 καὶ
1950 2762 2112 2814 βελόων
2137 2753 2207 2814 ὑφ’

213 2832 324 2885 Mn*
349 2836 579 2889 νομιζοίμην
604 2838 680 2882 καί,
709 2837 747 2874 εἴ
777 2836 857 2875 πού
881 2839 950 2887 μοί
985 2850 1041 2882 τις
1066 2835 1252 2888 συμφορὰ
1278 2838 1440 2885 γένοιτο,
1479 2836 1642 2888 ἄμεινον
1669 2835 1944 2890 ἀγωνιζοίμην.
1994 2834 2065 2877 Ὧν
2091 2837 2135 2877 ἓν
2161 2840 2206 2890 τῇ
