2453 3145
1232 86 1259 133 7

1121 150 1370 161 vxmaevvxsxsvx»

239 232 480 267 censuerunt
507 240 587 265 non
614 227 740 278 magis
767 225 990 278 probabilia
1017 226 1105 264 sint.
1151 225 1337 266 Reiskius
1366 227 1471 265 enim
1498 228 1578 277 πρό
1603 229 1899 279 praepositione
1929 228 2069 267 addita
2095 229 2253 280 scripsit

239 299 330 348 τοὺς
353 304 428 353 μὲν
453 300 531 352 γὰρ
558 297 681 340 οὐδὲν
705 301 817 352 οἶμαι
844 300 1135 353 προπμῆσειν.
1188 299 1287 340 11888
1313 304 1384 340 aut
1409 300 1543 340 valent
1579 299 1678 340 ‘illos
1717 301 1821 341 enim
1848 300 1946 341 nihil
1973 302 2114 355 opinor
2140 316 2253 356 prae-

238 373 389 416 laturos
425 373 523 415 esse’
559 378 629 414 aut
665 372 762 413 ‘illos
789 373 898 423 8111111
922 372 1018 413 nihil
1045 373 1187 428 opinor
1213 387 1274 413 me
1302 373 1571 428 praelatarum
1599 373 1708 415 esse’.
1762 374 1835 414 sed
1865 379 2050 414 neutrum
2076 374 2253 429 intellegi

201 440 203 443 ¹
238 453 381 505 potest,
416 447 511 501 quia
545 461 626 486 non
661 447 843 487 audimus
880 448 944 487 cui
979 452 1114 487 orator
1149 453 1218 487 aut
1243 448 1330 488 illos
1358 460 1402 486 se
1429 447 1696 501 praelaturum
1724 462 1805 488 11011
1832 438 1920 488 esse
1947 455 2016 488 aut
2041 449 2128 488 illos
2155 449 2253 488 nihil

236 522 485 576 praelaturos
511 535 599 561 esse
627 521 821 574 opinetur.
874 522 1086 575 Emperius
1114 524 1281 563 coniecit
1316 522 1406 569 τοὺς
1430 527 1505 573 μὲν
1529 523 1608 574 γὰρ
1637 524 1746 575 παρ’
1772 523 1891 564 οὐδὲν
1916 526 2029 575 οἶμαι
2062 525 2246 577 τιμήσειν,

238 596 567 637 Westermannus
603 604 708 643 τοῖς
740 600 816 648 μὲν
840 595 918 648 γὰρ
944 595 1066 637 οὐδὲν
1090 598 1203 649 οἶμαι
1238 597 1480 644 διοίσειν,
1523 595 1730 637 Scheibius
1766 605 1872 644 τοῖς
1905 601 1982 649 μὲν
2015 596 2094 650 γὰρ
2131 596 2252 638 οὐδὲν

238 670 350 722 οἶμαι
374 669 570 724 μελήσειν.
626 680 728 721 quae
755 675 837 710 tres
864 671 1114 710 coniecturae
1150 670 1203 710 ad
1231 670 1398 711 eandem
1435 669 1519 709 fere
1551 671 1785 710 sententiam
1811 670 1981 711 redeunt
2016 670 2115 711 ‘illos
2144 672 2249 711 enim

238 742 345 785 nihil
362 745 503 799 opinor
531 749 736 784 curaturos
764 743 875 784 esse'.
930 744 1002 784 sed
1028 744 1128 785 haec
1154 750 1288 784 orator
1313 758 1394 784 non
1422 745 1553 797 potuit
1579 744 1724 784 dicere.
1771 746 1849 796 γάρ
1876 746 2071 799 particula
2097 746 2250 786 indicat

237 831 327 858 eum
352 817 456 858 velle
480 832 643 858 causam
670 819 812 857 afferre
840 832 910 858 cur
936 818 989 857 ad
1015 825 1245 872 praesentes
1271 819 1395 859 multo
1418 820 1567 858 maiore
1596 833 1684 858 cum
1703 819 1834 858 studio
1853 819 2039 871 loquatur
2066 826 2107 859 et
2132 821 2249 860 alteri

236 891 397 945 quidem
433 893 537 946 parti
573 906 710 932 eorum
744 904 844 944 quos
876 898 999 932 antea
1033 897 1262 946 praesentes
1298 892 1459 933 dixerat
1495 906 1655 932 eausam
1692 892 1929 932 luculentam
1963 895 2128 947 exponit
2155 908 2246 934 cum

237 966 333 1009 dicit
361 965 414 1021 [2]
442 974 523 1014 τοῖς
548 967 595 1007 δὲ
618 966 838 1020 βουλοίμην
864 969 917 1007 ἄν
943 966 1059 1015 δόξαι
1083 968 1210 1021 μηδὲν
1236 967 1385 1008 ἀδικῶν
1415 968 1572 1014 τούτους
1597 966 1676 1008 ὑπὸ
1704 967 1850 1008 τούτων
1877 966 2110 1007 ἀδικεῖσθαι
2136 969 2245 1019 πρό-

235 1055 355 1094 τερος.
408 1040 536 1094 qualis
563 1054 659 1081 vero
686 1040 753 1081 illa
780 1046 842 1081 est
868 1054 989 1081 causa
1006 1052 1126 1094 quam
1151 1041 1362 1095 Emperius
1389 1047 1430 1080 et
1456 1040 1599 1093 reliqui
1626 1041 1805 1081 tribuunt
1831 1042 1981 1081 oratori
2008 1041 2107 1081 ‘illos
2134 1043 2240 1082 enim

234 1115 334 1156 nihil
359 1116 543 1155 existimo
570 1120 777 1154 curaturos
804 1128 892 1154 esse
918 1117 953 1154 si
979 1129 1068 1154 cum
1094 1116 1230 1155 amicis
1249 1128 1390 1167 parum
1427 1116 1551 1155 amice
1580 1114 1822 1155 videbuntur
1846 1114 2011 1168 agcre’?
2060 1117 2247 1156 nimirum

235 1196 417 1241 apertum
445 1194 507 1228 est
534 1189 693 1228 dicendi
718 1188 892 1228 studium
919 1202 999 1228 non
1025 1189 1163 1241 augeri
1191 1190 1224 1228 si
1251 1190 1376 1240 partis
1395 1188 1639 1228 audientium
1667 1187 1764 1228 nihil
1783 1188 1903 1239 plane
1920 1189 2087 1228 interest
2113 1194 2243 1230 utrum

234 1262 418 1304 laudetur
445 1276 495 1302 an
523 1262 851 1314 reprehendatur.

298 1382 302 1386 ὁ
420 1337 476 1376 At
503 1347 606 1388 quae
635 1335 819 1376 debuerit
846 1336 929 1376 fere
957 1341 1091 1375 orator
1116 1324 1249 1375 d'icere
1282 1351 1335 1376 ex
1362 1338 1647 1391 sententiarum
1674 1336 1949 1388 disquisitione
1985 1337 2071 1375 erui
2099 1343 2242 1387 potest.

232 1411 383 1466 gaudet
407 1410 472 1450 ille
500 1411 609 1462 quod
636 1411 769 1450 adsint
797 1412 835 1449 ei
862 1410 1007 1462 quibus
1034 1424 1077 1450 se
1103 1411 1273 1461 priorem
1300 1412 1447 1450 iniuria
1472 1411 1659 1450 affectum
1685 1410 1736 1450 ab
1765 1409 1954 1461 improbis
1988 1411 2124 1450 amicis
2153 1424 2241 1450 esse

235 1485 508 1526 declaraturus
535 1486 606 1526 sit:
633 1484 826 1538 gaudebit
852 1484 963 1537 quod
989 1484 1081 1525 mali
1107 1485 1173 1525 isti
1199 1486 1314 1525 amici
1332 1484 1465 1538 adsint
1484 1483 1630 1537 quibus
1658 1484 1932 1525 ostendere
1961 1485 2131 1537 possit
2158 1499 2245 1525 cur

232 1571 319 1600 eos
344 1560 440 1600 iam
467 1560 517 1599 in
544 1560 821 1599 amicorum
848 1573 1054 1601 numero
1082 1574 1178 1600 11011
1204 1562 1272 1600 sit
1297 1560 1598 1611 habiturus,
1622 1559 1693 1599 sed
1712 1560 2011 1599 renunciaturos
2030 1560 2244 1599 amicitiam

232 1631 325 1689 [18].
379 1645 458 1686 quo
484 1634 572 1686 ipso
600 1634 760 1674 consilio
791 1638 912 1673 totam
941 1636 1159 1675 orationem
1187 1635 1316 1674 habet.
1353 1640 1475 1686 atque
1502 1648 1551 1673 ea
1579 1646 1681 1687 quae
1709 1635 1964 1686 requiruntur
1990 1648 2033 1672 re
2062 1648 2159 1673 vera
2186 1648 2239 1672 ex

230 1707 421 1747 librorum
447 1709 625 1759 vestigiis
651 1708 834 1760 indagari
861 1716 1039 1759 possunt.
1078 1711 1120 1748 in
1147 1710 1212 1748 illo
1240 1711 1344 1748 enim
1371 1710 1545 1762 τιμήσειν
1571 1709 1764 1747 infinitivo
1792 1708 1889 1747 latet
1915 1708 2059 1760 ‘27'6602
2088 1723 2176 1748 cum
2196 1712 2250 1748 M

231 1781 388 1821 litterae
416 1782 576 1820 maioris
603 1781 729 1821 altera
754 1794 849 1833 pars
876 1785 920 1821 A
942 1781 1113 1824 litteram
1143 1783 1339 1823 exhibeat.
1377 1786 1444 1823 AI
1465 1783 1621 1822 litterae
1649 1796 1700 1822 ex
1727 1784 1839 1834 οἶμαι
1865 1795 1975 1833 voce,
2004 1793 2108 1834 quae
2135 1788 2243 1822 ante·

232 1856 349 1907 cedit,
377 1857 608 1896 coniunctae
637 1870 728 1895 cum
754 1871 788 1895 τι
816 1861 855 1895 et
883 1857 1014 1907 priore
1052 1862 1164 1909 parte
1191 1860 1245 1897 M
1265 1856 1420 1897 litterae
1457 1857 1630 1897 efficiunt
1666 1855 1808 1908 (αἰτίαζ
1844 1855 1963 1896 modo
2000 1855 2139 1896 addita
2164 1870 2244 1896 una

231 1930 376 1971 lineola
402 1943 456 1970 ex
481 1933 525 1969 A
548 1930 680 1970 littera
705 1930 897 1970 faciamus
922 1934 976 1970 A.
1030 1935 1182 1970 restant
1215 1930 1314 1969 haec
1341 1929 1473 1970 (οὐδὲν
1507 1932 1575 1982 οῗμ
1602 1960 1612 1969 .
1640 1930 1661 1969 .’
1698 1944 1771 1983 pro
1808 1930 1953 1981 quibus
1989 1944 2067 1969 non
2101 1930 2241 1969 dubito

232 2008 329 2058 quin
364 2012 473 2044 recte
507 2017 651 2055 ponam
680 2005 881 2057 ὀὐδεμίαὶ
934 2007 1094 2056 scripsit
1129 2007 1251 2057 igitur
1285 2006 1431 2057 Lysias
1467 2006 1556 2051 τοὺς
1581 2010 1655 2056 μὲν
1685 2005 1764 2055 γὰρ
1791 2004 1959 2055 οὐδεμία
1986 2006 2093 2044 αἰτία
2120 2005 2240 2056 λήσει.

230 2081 296 2120 ut
304 2082 428 2120 enim
436 2080 504 2120 illa
529 2094 609 2120 uno
637 2082 678 2120 in
707 2086 924 2130 conspectu
950 2080 1168 2129 videamus,
1194 2078 1397 2120 habebant
1423 2079 1515 2120 libri
1542 2079 1634 2120 olim
1654 2079 2240 2127 OYAEMIAAITIAAAEEI,

232 2161 338 2205 quae
362 2159 502 2205 postea
527 2153 748 2205 depravata
774 2159 867 2194 sunt
895 2155 935 2194 in
963 2155 1588 2196 ΟΥΔΕΝΟΙΜΑΙΤΙΜΗΣΕΙΝ.
1644 2153 1793 2194 fontem
1820 2154 2084 2205 corruptionis
2111 2159 2241 2194 statuo

232 2228 320 2274 esse
347 2228 388 2268 in
415 2228 692 2269 terminatione
719 2226 889 2281 οὐδεμία
908 2229 1029 2280 vocis,
1056 2239 1159 2280 quae
1179 2242 1274 2268 cum
1287 2228 1416 2280 prima
1433 2228 1589 2281 syllaba
1605 2227 1851 2280 insequentis
1870 2226 2050 2266 vocabuli
2069 2226 2244 2278 speciem

230 2300 308 2355 pm
331 2300 510 2355 syllabae
536 2303 702 2354 accepit
754 2302 850 2342 inde
890 2307 932 2341 et
958 2316 1011 2341 ex
1036 2301 1175 2341 litteris
1212 2313 1314 2353 quae
1342 2302 1635 2342 antecedebant
1662 2302 1874 2342 conflatum
1902 2308 1964 2340 est
1989 2303 2113 2353 οἶμαι
2166 2301 2243 2340 hoc

232 2374 268 2415 si
292 2388 432 2415 verum
458 2381 519 2415 est
545 2375 660 2415 facile
688 2390 742 2416 ex
770 2378 1037 2417 TIAAHEEI
1048 2375 1186 2416 addita
1212 2380 1254 2416 N
1265 2375 1396 2416 littera
1424 2376 1619 2429 repetitus
1649 2382 1711 2416 est
1731 2379 2003 2416 ΤΙΜΗΣΕΙΝ
2024 2374 2241 2415 infinitivus

233 2448 436 2502 qui-solus
471 2450 524 2490 ad
552 2452 663 2502 οἶμαι
687 2451 830 2491 referri
864 2463 982 2502 posse
1020 2450 1233 2490 videretur.
1286 2450 1345 2490 sic
1378 2465 1460 2491 non
1486 2464 1631 2504 magua
1666 2450 1772 2490 facta
1798 2448 2017 2490 mutatione
2043 2449 2244 2490 lucramur

232 2522 469 2564 sententiam
504 2523 783 2576 aptissimam..
814 2523 964 2565 maiore
997 2538 1085 2565 cum
1113 2523 1257 2575 studio,
1284 2522 1413 2576 inquit
1447 2529 1590 2575 orator,
1629 2523 1781 2575 loquor,
1819 2521 1914 2575 quia
1952 2528 1993 2563 et
2027 2522 2064 2563 ei
2097 2523 2246 2564 adsunt

233 2595 379 2652 quibus
408 2597 671 2651 mepriorem
698 2597 848 2640 laesum
876 2612 964 2639 esse
991 2596 1284 2650 demonstrabo,
1319 2603 1361 2638 et
1397 2597 1434 2637 ei
1463 2597 1530 2651 qui
1562 2596 1699 2638 audita
1724 2610 1815 2637 mea
1842 2596 2021 2638 oratione
2048 2597 2246 2638 nullam

234 2684 438 2714 eausam
465 2671 804 2728 ignorabunt,
831 2671 864 2712 si
891 2670 984 2712 mihi
1011 2677 1052 2711 et
1068 2671 1300 2711 necessariis
1318 2671 1416 2713 meis
1435 2671 1474 2711 in
1493 2678 1696 2723 posterum
1714 2670 1863 2712 inimici
1881 2686 1971 2712 esse
1990 2672 2250 2713 videbuntur.

1998 2874 2017 2905 2
