2453 3145
1217 71 1247 118 6

1107 133 1138 144 »Α

223 205 441 259 ’ὀλιγαρχίᾳ
467 205 655 247 ἁπάντων
681 206 984 260 ἀπεστερούμην.
1030 207 1176 248 frustra
1194 208 1234 248 in
1253 209 1314 250 his
1333 210 1623 252 conclusionem
1641 220 1733 267 apte
1753 212 2029 254 cohaerentem
2047 228 2230 269 quaeras,

229 294 332 333 quae
367 280 615 334 aliquatenus
652 288 807 320 extaret
841 255 878 320 gi
914 289 1004 334 post
1041 281 1305 336 ἀγωνιζοίμην
1338 285 1424 324 fere
1456 285 1560 324 hanc
1592 288 1827 326 sententiam
1852 286 2110 329 haberemus:
2147 289 2231 330 ‘vos

227 354 350 406 igitur
376 354 527 394 iudices
554 369 658 394 nunc
685 362 790 394 certe
816 355 958 395 iustam
985 358 1151 409 gratiam
1182 357 1276 397 mihi
1303 358 1452 397 referre
1480 361 1655 411 oportet'.
1706 359 1937 416 particulam
1965 368 2097 402 autem
2124 363 2230 403 illam

228 428 269 469 in
297 428 432 470 verbis
460 441 561 484 quae
589 427 700 470 attuli
726 442 806 470 non
834 443 951 483 posse
980 444 1068 471 esse
1086 430 1347 486 ‘quamquam’
1374 445 1454 472 non
1484 432 1669 487 estquod
1688 432 1966 476 demonstrem.
2008 450 2131 490 quare
2149 451 2230 479 non

228 500 367 542 dubito
404 502 595 542 adsentiri
630 502 819 542 Dobreeo
861 510 901 542 et
935 504 1203 543 Herwerdeno
1241 503 1384 558 quibus
1427 507 1551 545 καίτοι
1587 518 1796 559 perperam
1831 502 1904 562 pro
1940 512 2008 550 καί
2040 510 2228 565 scriptum

226 576 398 616 videtur.

413 647 495 687 Sed
532 662 651 688 unum
688 656 793 689 certe
830 652 1054 704 exemplum
1091 666 1161 704 pro
1197 653 1281 691 istis
1310 665 1411 704 quae
1441 650 1579 691 sustuli
1604 651 1753 705 Lysiae
1780 655 2035 696 confirmabo.
2089 658 2228 697 merito

228 722 332 762 enim
362 721 538 763 Cobetus
573 723 616 763 in
652 722 865 764 editionem
902 739 1014 765 suam
1049 725 1198 779 recepit
1232 728 1358 766 καίτοι
1390 739 1461 779 pro
1499 739 1546 766 eo
1574 726 1681 780 quod
1708 726 1800 768 libri
1826 728 1989 771 habenta.
2007 734 2073 771 καί
2099 732 2138 771 in
2166 731 2228 772 his

228 796 362 836 verbis
382 797 571 837 orationis
597 798 813 851 vigesimae
840 806 1006 852 quartae
1034 797 1109 853 [9]:
1135 803 1298 839 καίτοι
1323 802 1408 846 πῶς
1433 797 1481 840 οὗ
1508 799 1641 841 δεινόν
1667 801 1746 841 ἐστι
1774 832 1785 842 .
1813 835 1820 843 .
1851 819 1861 844 :
1889 819 1981 845 nam
2009 806 2228 846 sententiae

226 872 394 911 oratoris
421 872 454 910 si
480 868 533 912 ad
561 871 836 925 simpliciorem
855 873 1022 913 formam
1051 873 1282 926 rediguntur
1308 873 1413 914 hunc
1439 875 1480 913 in
1499 874 1658 915 modum
1679 881 1919 930 compositae
1938 885 2049 920 sunt:
2076 880 2228 920 ‘adver-

229 946 356 985 sarius
382 960 494 985 meus
521 946 554 985 si
581 951 864 998 provocaretur
889 960 1042 987 mecum
1072 947 1176 987 nullo
1205 954 1320 1000 pacto
1348 948 1554 989 facultates
1573 956 1797 1003 permutare
1821 952 1940 992 vellet
1959 951 2228 1008 [ἀντιδοῦναι].

223 1020 373 1073 atqui
400 1020 603 1060 contendit
628 1035 691 1060 me
716 1027 880 1075 propter
906 1022 1065 1062 divitias
1104 1037 1210 1062 meas
1240 1023 1560 1065 divitissimorum
1592 1025 1793 1066 hominum
1821 1029 2010 1068 societate
2041 1029 2119 1068 uti:
2156 1029 2225 1068 ini-

222 1104 344 1145 quum
359 1101 420 1133 est
432 1094 553 1146 igitur
566 1109 654 1134 eum
669 1096 702 1134 si
715 1101 1000 1148 provocaretur
1014 1096 1108 1136 illud
1124 1094 1350 1151 [ἀντίδοσιν]
1366 1098 1650 1151 denegaturum
1667 1100 1776 1140 esse'.
1818 1107 1937 1152 atque
1959 1100 2016 1140 ibi
2035 1115 2081 1140 eo
2101 1102 2228 1155 magis

221 1171 348 1207 καίτοι
373 1167 565 1220 particula
590 1167 720 1219 placet
746 1168 855 1218 quod
881 1168 999 1221 paulo
1028 1175 1116 1222 post
1143 1167 1221 1222 [12]
1252 1172 1293 1210 in
1320 1185 1501 1210 sermone
1531 1172 1723 1211 simillime
1743 1174 1985 1214 conformato
2003 1174 2102 1213 haec
2121 1173 2228 1214 dicta

224 1246 336 1280 sunt:
363 1243 530 1280 καίτοι
559 1242 643 1287 πῶς
669 1239 741 1280 οὐκ
767 1241 920 1282 ἄτοπόν
945 1242 1034 1283 ἐστι.
1064 1274 1070 1283 .
1102 1275 1110 1283 .

410 1315 523 1366 Quae
559 1315 743 1369 exempla
775 1319 901 1357 καίτοι
936 1316 1150 1370 particulae
1187 1319 1226 1357 in
1262 1317 1372 1358 libris
1415 1324 1485 1359 aut
1518 1333 1724 1373 perperam
1761 1320 1914 1374 positae
1950 1326 2018 1360 aut
2043 1320 2085 1360 in
2111 1333 2226 1360 suum

221 1391 349 1431 locum
368 1391 618 1431 revocandae
637 1391 855 1444 impedient
873 1392 1082 1444 quominus
1100 1392 1140 1431 in
1159 1391 1350 1432 audaciae
1379 1393 1526 1433 crimen
1554 1395 1752 1434 incurram
1780 1400 1943 1448 propter
1968 1394 2225 1434 mutationem

217 1468 259 1506 in
286 1468 464 1507 oratione
492 1472 634 1507 octava
660 1468 915 1519 propositam.
961 1471 1136 1506 ceterum
1162 1467 1279 1520 plane
1307 1469 1508 1521 singulare
1535 1482 1658 1508 unum
1688 1474 1748 1507 est
1768 1469 1993 1522 exemplum
2011 1480 2091 1520 quo
2119 1467 2226 1508 illam

218 1555 357 1582 vocem
385 1541 525 1581 eadem
551 1542 704 1581 ratione
732 1545 852 1592 atque
880 1544 1021 1592 καίπερ
1056 1554 1144 1580 cum
1170 1542 1377 1595 participio
1405 1542 1627 1596 copulatam
1658 1542 1859 1584 videmus:
1888 1542 2021 1584 Ἶκανά
2051 1559 2122 1596 μοι
2156 1558 2226 1585 νο-

227 1614 326 1668 μίζω
354 1616 555 1669 εἰρῆσθαι,
584 1617 745 1656 καίτοι
771 1613 906 1656 πολλά
931 1631 976 1665 γε
1005 1613 1246 1668 παραλιπών
1273 1613 1439 1670 [31,34].

1195 1754 1254 1797 ΙΙ.

406 1837 542 1876 Redeo
571 1837 622 1876 ad
650 1843 832 1876 octavam
861 1837 1089 1883 orationem,
1116 1838 1155 1875 in
1183 1848 1264 1888 qua
1291 1839 1474 1889 proxima
1500 1837 1588 1883 τοὺς
1622 1840 1697 1887 μὲν
1721 1836 1799 1889 γὰρ
1818 1836 1936 1876 οὐδὲν
1964 1839 2075 1889 οἶμαι
2110 1837 2223 1890 τιμή-

223 1920 317 1959 σειν,
356 1911 392 1951 εἰ
425 1918 505 1959 τοῖς
535 1908 822 1965 ἀνεπιτηδείως
848 1908 1112 1964 ἀνεπιτήδειοι
1146 1909 1330 1959 δόξουσιν
1365 1911 1468 1951 εἶναι
1502 1923 1583 1951 non
1619 1923 1697 1951 uno
1725 1910 1881 1950 nomine
1909 1916 2094 1966 corrupta
2121 1915 2227 1953 sunt.

219 1983 492 2039 ἀνεπιτήδειος
526 1990 587 2024 est
620 1984 784 2024 infestus
822 1984 887 2024 vel
932 1984 1122 2036 inimicus,
1159 1990 1202 2023 ut
1242 1985 1462 2038 ἐπιτήδειος
1497 1985 1728 2039 saepissime
1765 1984 1912 2023 amicus
1957 1981 2064 2039 [Lys.
2106 1985 2144 2037 3,
2167 1987 2227 2025 11.

224 2061 356 2110 12,14.
389 2061 508 2111 13‚19
536 2066 575 2098 et
601 2061 664 2110 92,
691 2058 795 2112 aliaJ.
851 2070 1125 2111 quaecumque
1160 2060 1284 2111 igitur
1315 2061 1469 2097 initium
1496 2060 1663 2098 istorum
1699 2059 1910 2098 verborum
1938 2061 2125 2110 continet,
2162 2059 2228 2098 illa

216 2135 415 2173 sententia
441 2134 696 2173 conditionali
723 2134 768 2172 ‘si
794 2135 963 2173 inimicis
991 2134 1136 2171 inimici
1162 2133 1404 2172 videbuntur
1431 2133 1529 2172 esse'
1556 2133 1619 2172 vel
1648 2133 1693 2172 ‘si
1712 2140 1850 2173 contra
1871 2133 2047 2173 inimicos
2075 2133 2228 2173 inimice

215 2205 459 2248 videbuntur
484 2222 527 2248 se
554 2207 706 2261 gerere'
742 2207 888 2247 dicitur
923 2221 986 2246 res
1024 2212 1102 2246 tam
1128 2221 1200 2260 per
1228 2221 1270 2247 se
1299 2206 1510 2247 manifesta
1542 2212 1587 2246 ut
1622 2207 1753 2247 dicere
1781 2221 1867 2248 eam
1895 2221 2058 2261 prorsus
2094 2221 2230 2260 super-

214 2363 353 2399 contra
378 2358 591 2398 inimicum.
644 2357 754 2409 atqui
792 2361 875 2397 tota
902 2356 1080 2397 oratione
1118 2362 1249 2396 orator
1286 2369 1423 2396 eorum
1459 2357 1499 2396 in
1537 2369 1578 2396 se
1616 2367 1786 2408 suosque
1823 2355 2038 2396 calumnias
2074 2356 2231 2410 aperire

215 2432 350 2472 studet
384 2434 454 2484 qui
494 2443 733 2485 quamquam
769 2432 987 2470 amicorum
1023 2432 1192 2483 speciem
1231 2444 1330 2484 prae
1371 2443 1414 2469 se
1454 2430 1637 2469 ferebant
1674 2431 1834 2470 inimice
1874 2435 2005 2470 tamen
2045 2430 2229 2483 agebant.

215 2508 378 2547 fuerunt
406 2509 529 2561 igitur
562 2507 618 2546 illi
654 2513 793 2547 contra
828 2507 998 2546 amicum
1034 2505 1196 2556 eiusque
1232 2505 1479 2544 necessarios
1515 2505 1673 2545 inimici.
1734 2506 1869 2555 itaque
1906 2504 2081 2557 Tayloro
2118 2503 2231 2544 obse-

217 2581 420 2634 quendum
448 2588 510 2623 est
536 2582 605 2633 qui
632 2596 703 2635 pro
731 2580 1019 2633 ἀνεπιτηδείως
1044 2580 1236 2621 vocabulo
1257 2580 1388 2633 posuit
1407 2579 1651 2633 ἐπιτηδείοις.
1698 2594 1872 2620 errorem
1890 2585 2023 2619 autem
2041 2577 2232 2618 librorum

218 2669 270 2697 ex
296 2656 519 2708 insequenti
544 2669 643 2697 voce
671 2660 800 2697 ortum
828 2668 916 2696 esse
943 2660 1125 2709 apparet.

312 2729 314 2731 ’
405 2731 520 2771 Nunc
546 2729 600 2770 ad
626 2730 760 2785 priora
785 2729 911 2771 verba
938 2729 1097 2784 regredi
1125 2743 1334 2784 possumus
1371 2740 1475 2782 qnae
1504 2728 1638 2782 qualia
1672 2729 1714 2770 in
1740 2727 1854 2769 libris
1881 2731 1975 2767 sunt
2000 2725 2149 2766 nullum
2174 2725 2234 2767 inv-

215 2803 420 2845 tellectum
448 2805 649 2858 praebent.
704 2819 753 2844 ac
778 2817 922 2844 vereor
947 2818 999 2843 ne
1028 2806 1163 2844 omnia
1189 2816 1292 2856 quae
1320 2804 1498 2843 homines
1528 2803 1635 2843 docti
1659 2817 1732 2857 pro
1760 2803 1817 2841 eis
1845 2801 2049 2854 scripsisse
2066 2800 2233 2853 Lysiam
