2453 3145
1178 31 1210 79 8

1065 94 1108 104 ΑΛ
1115 94 1154 104 ΛΑ
1163 94 1256 105 *xm-x&
1263 94 1278 102 Α
1286 95 1314 104 rxs

1150 169 1236 216 ΙΙΙ.

371 243 463 281 Post
498 242 709 282 exordium
745 249 868 295 negat
904 248 1038 282 orator
1075 256 1118 282 se
1154 245 1328 296 priorem
1354 243 1581 285 >calumnias
1618 247 1660 285 in
1693 247 1842 287 amicos
1880 248 2092 290 iactavisse
2121 249 2206 307 [θῇς

177 318 335 368 πρῶτον
368 319 444 369 μὲν
478 314 563 365 οὖν,
596 321 665 357 ἶνα
695 315 752 370 μή
777 331 835 365 τις
860 313 972 370 ὑμῶν
1006 316 1108 369 τάχα
1135 315 1186 371 δὴ
1213 319 1382 371 βοηθῶν
1407 317 1468 366 οἷς
1491 318 1733 375 wewam
1762 321 1973 377 πρόφασιν
1992 327 2208 380 -πορεσῃω

177 393 243 445 τῆς
260 388 468 443 ἇμαράας,
498 380 645 431 ebroino
673 389 749 431 οὖν
774 394 831 439 τίς
856 390 968 444 ὑμῶν
995 389 1070 432 ὑπ’
1096 392 1194 444 ἐμοῦ
1217 395 1347 440 κακῶς
1363 391 1533 447 ἀκήκοεν
1558 393 1587 448 ἢ
1611 397 1835 440 πέπονθεν.
1880 397 1922 437 in
1949 395 2013 441 his
2038 400 2208 452 βοηθεῖν
2244 391 2247 394 ⁴

180 464 239 512 οἷς
263 465 530 519 ἐξημάρτηκεν
556 464 754 506 vocabula
779 465 951 506 fortasse
988 480 1062 521 per
1089 465 1256 507 similem
1291 466 1491 509 licentiam
1523 467 1632 509 dicta
1657 476 1751 511 sunt
1785 476 1907 525 atque
1939 470 2084 525 Lysias
2111 486 2207 525 nsua

177 546 240 579 est
275 554 365 580 cnm
410 541 568 593 scripsit
604 537 682 592 [10‚
693 538 760 593 32]
795 542 1028 594 βοηθήσατε
1069 549 1148 589 τοῖς
1192 542 1325 594 ὅρκοις
1362 542 1418 589 οἷς
1455 541 1698 595 Spa-potua.
1753 543 1830 585 hoc
1868 545 1974 585 enim
2008 552 2070 585 est
2103 546 2208 587 ‘inri-

177 613 347 654 iurando
382 614 440 655 ita
466 613 682 655 subvenire
709 620 754 654 ut
780 616 1063 669 conservetur’,
1098 615 1196 657 illud
1222 616 1409 671 ‘peccatis
1443 616 1501 658 ita
1536 615 1750 659 subvenire
1786 625 1831 661 ιιι
1866 620 2087 673 vituperari
2124 633 2206 662 non

181 688 339 743 queant’
367 688 431 728 vel
459 687 638 744 ‘peccata
663 689 883 730 excusare’.
938 690 1011 731 sed
1038 697 1082 732 ut
1107 689 1206 730 haec
1234 689 1447 745 explicatio
1474 690 1598 733 dubia
1633 692 1700 743 sit,
1736 691 1833 734 illud
1860 701 1994 735 tamen
2024 694 2107 734 scio
2132 684 2205 735 imss

178 763 428 816 probabilem
455 776 543 802 esse
572 764 830 803 mutationem
859 777 885 803 a
910 764 1098 804 Scheibio
1124 765 1366 818 propositam
1395 765 1463 818 qui
1488 764 1626 805 scribit
1650 764 1773 806 haec:
1811 766 1925 818 ιτάχα
1960 766 2019 820 δὴ
2037 769 2206 820 βοηθῶν

178 837 329 884 τούτοις
355 835 593 889 (incusatis),
620 836 680 884 οἷς
707 837 870 891 (quibus
902 838 1041 889 rebus)
1076 839 1315 892 ἐξημάρτηκε
1352 854 1420 891 πρ.
1458 854 1500 879 π.
1539 855 1570 879 τ.
1609 838 1694 892 ἅμ’
1729 854 1822 880 nam
1857 841 1962 881 iusto
1999 841 2206 883 obscurius

176 909 408 966 loqueretur
436 917 570 953 orator
597 911 631 952 si
658 910 712 957 ad
739 909 848 952 aliud
870 912 1031 962 τούτοις,
1070 911 1122 954 ad
1139 911 1249 954 aliud
1267 911 1327 962 οἷς
1344 911 1591 965 vocabulum,
1630 913 1738 968 quod
1765 927 1788 954 e
1817 913 1987 968 vestigio
2015 915 2204 969 sequitur,

177 985 358 1026 referret.
405 986 556 1040 siquid
583 1000 680 1027 vero
709 987 946 1028 mutandum
964 995 1025 1028 est
1049 987 1267 1028 omittenda
1292 1002 1437 1028 censeo
1464 991 1529 1041 τῆς
1555 986 1753 1041 ἁμαρτίας
1779 988 1976 1029 vocabula
2001 991 2151 1043 quippe
2177 1001 2205 1030 a

175 1060 438 1114 grammatico
466 1059 638 1114 quodam
665 1059 805 1100 addita
831 1060 884 1101 ad
918 1061 1157 1116 explicanda
1195 1075 1244 1102 ea
1271 1075 1374 1115 quae
1411 1062 1592 1115 proxime
1626 1060 1821 1102 habemus
1856 1061 1918 1109 οἷς
1950 1062 2204 1118 ibydem.

179 1133 288 1189 quod
327 1135 361 1175 si
397 1148 536 1175 verum
574 1140 635 1174 est
669 1133 770 1174 haec
803 1135 973 1176 efficitur
1009 1136 1225 1176 sententia:
1259 1149 1311 1175 ne
1347 1136 1436 1190 quis
1473 1142 1647 1176 vestrum
1679 1135 1782 1177 forte
1817 1149 2051 1177 succurrens
2085 1149 2203 1180 excu-

180 1211 372 1249 sationem
401 1215 569 1262 quaerat
596 1209 653 1247 eis
681 1222 786 1263 quae
812 1210 1009 1262 peccavit.
1632 1196 1635 1199 ⁴

367 1283 578 1324 Difficilius
606 1284 797 1324 iudicium
824 1291 886 1324 est
913 1284 964 1323 de
991 1284 1126 1324 verbis
1158 1297 1263 1336 quae
1290 1270 1408 1336 paulo
1437 1291 1527 1337 post
1554 1292 1771 1337 sequuntur
1808 1282 1847 1336 [3
1875 1291 1916 1324 et
1940 1283 2002 1337 4]:
2039 1288 2075 1324 τί
2101 1284 2203 1337 δῆτά

177 1372 227 1411 με
254 1360 383 1405 κακῶς
409 1356 459 1398 τὰ
485 1360 560 1411 μὲν
587 1357 719 1409 λέγειν
745 1356 794 1398 τὰ
821 1356 868 1398 δὲ
896 1364 1027 1399 ποιεῖν
1044 1357 1283 1409 ἐπιχειρεῖτε,
1312 1360 1378 1397 καὶ
1399 1359 1521 1398 ταῦτα
1540 1356 1641 1410 πρὸς
1657 1357 1815 1406 τούτους
1832 1355 1938 1412 ἡμᾶς
1955 1357 2201 1410 διαβάλλειν,

177 1432 247 1479 οὓς
274 1432 375 1484 πρὸς
402 1431 507 1485 ἡμᾶς
542 1431 689 1479 αὐτοὺς
715 1431 942 1483 διεβάλλετε
948 1449 963 1480 ,-
1000 1433 1126 1471 καίτοι
1161 1430 1283 1478 οὕτως
1318 1431 1483 1482 ἐνοχλεῖ,
1521 1430 1617 1472 ὥστε
1650 1435 1743 1483 περὶ
1777 1431 1963 1479 πλείονος
1988 1432 2202 1485 ἐποιήσατο

177 1507 311 1548 δοκεῖν
338 1506 437 1560 ἐμοῦ
463 1506 675 1560 κήδεσθαι,
703 1509 771 1545 καὶ
797 1505 954 1559 μᾶλλον
979 1505 1078 1558 ἐμοῦ
1103 1511 1312 1545 κατειπεῖν.
1368 1504 1578 1545 haeremus
1617 1511 1710 1546 ante
1746 1506 1879 1547 omnia
1914 1506 1956 1547 in
1983 1506 2140 1558 ἐνοχλεΐ
2162 1513 2204 1548 et

175 1582 404 1633 ἐποιήσατο.
457 1594 550 1620 nam
579 1595 856 1634 quemcunque
885 1589 1018 1620 orator
1045 1581 1084 1619 in
1114 1590 1246 1632 meato
1272 1580 1422 1630 habuit,
1450 1580 1485 1618 si
1511 1581 1568 1619 ita
1596 1580 1775 1630 dixisset,
1803 1580 1931 1620 verba
1956 1582 2040 1620 eius
2068 1587 2203 1621 essent

175 1661 217 1696 et
241 1653 525 1695 obscurissima
552 1661 593 1695 et
618 1653 916 1709 abrupfioeffla,
943 1668 994 1694 ne
1022 1653 1149 1694 dicam
1177 1652 1366 1695 absurda.
1412 1654 1500 1707 quis
1520 1653 1626 1694 enim
1654 1654 1705 1694 sit
1730 1653 1795 1694 ille
1822 1654 1885 1695 cui
1913 1654 2070 1706 ἐνοχλεῖ
2094 1653 2200 1696 istud

177 1728 407 1770 attribuitur
435 1742 488 1770 ex
516 1728 788 1784 superioribus
815 1742 896 1770 non
925 1728 1123 1769 discimus.
1175 1727 1248 1769 sed
1275 1727 1490 1783 largiamur
1518 1727 1721 1784 paulisper
1744 1729 1894 1770 oratori
1920 1729 2035 1770 istam
2062 1727 2201 1770 obscu-

174 1806 334 1843 ritatem
361 1804 673 1843 intolerabilem:
700 1806 733 1843 si
763 1805 851 1857 quis
880 1811 941 1843 est
968 1804 1020 1842 ad
1049 1817 1164 1856 quem
1192 1804 1349 1854 ἐνοχλεῖ
1375 1803 1472 1843 illud
1499 1810 1665 1857 spectet,
1702 1811 1764 1842 est
1797 1810 1866 1843 aut
1894 1804 2096 1843 Diodorus
2132 1810 2205 1844 aut

173 1878 240 1919 ille
266 1893 341 1933 per
367 1892 484 1932 quem
505 1887 639 1919 orator
657 1878 877 1919 calumnias
897 1879 1111 1918 amicorum
1131 1878 1330 1931 cognovit.
1367 1877 1583 1925 Diodorus,
1600 1891 1717 1931 quem
1735 1877 1793 1919 ibi
1809 1879 1939 1918 notari
1959 1878 2200 1920 Holsehornn

174 1950 224 2007 [p.
256 1951 320 2007 71]
348 1953 605 2003 existimavit,
633 1952 764 1992 fuerat
790 1952 857 1992 ille
885 1953 1046 2006 quidem
1084 1967 1183 1993 unus
1221 1967 1274 1993 ex
1310 1954 1481 1993 oratoris
1517 1953 1655 1993 amicis
1691 1953 1759 2006 qui
1786 1953 2001 1992 amicitiam
2027 1953 2200 1993 maxime

171 2026 311 2067 fefellit
348 2024 416 2081 [10
442 2033 483 2067 et
513 2024 598 2080 14]=
634 2033 677 2067 at
714 2026 764 2067 de
802 2039 851 2067 eo
890 2027 974 2067 solo
1009 2026 1111 2068 male
1148 2026 1347 2068 diceretur
1374 2026 1481 2081 quod
1508 2025 1728 2070 identidem
1757 2023 1941 2067 omnibus
1969 2026 2055 2067 eius
2082 2025 2204 2068 sociis

171 2100 369 2142 tribuitur.
406 2102 590 2141 nimirum
609 2100 664 2140 illi
694 2114 831 2140 omnes
849 2100 1065 2141 studebant
1081 2102 1278 2142 amicitiae
1298 2101 1472 2156 speciem
1491 2112 1653 2140 servare
1667 2096 1830 2153 [Uonl'r
1846 2099 1946 2153 ἐμοῦ
1958 2097 2197 2155 κᾴδεσθαι’],
2233 2117 2235 2119 ’

171 2185 218 2216 ιιι
241 2176 425 2216 videmus
452 2190 507 2215 ex
531 2175 593 2215 his
622 2173 677 2228 [5]
704 2178 847 2222 οἵτινές
881 2191 932 2227 με
956 2175 1036 2216 ὑπὸ
1062 2177 1130 2216 τὸν
1155 2176 1277 2217 αὐτὸν
1311 2177 1460 2228 χρόνον
1492 2173 1563 2228 [ita
1595 2182 1704 2215 recte
1731 2173 1922 2227 Cobetus]
1955 2175 2098 2227 λάθρα
2122 2178 2199 2226 μὲν

170 2251 421 2305 Moesus,
450 2252 636 2306 φανερῶς
661 2250 708 2292 δὲ
735 2250 860 2306 φίλον
886 2251 1093 2304 ἐνομίζετε,
1122 2251 1358 2306 quibuscum
1384 2264 1591 2306 compares
1617 2247 1821 2304 haec[17]
1841 2249 1953 2305 ᾤμην
1976 2247 2056 2302 γὰρ
2083 2247 2202 2291 ἀπό--

171 2311 293 2374 &eruc
318 2324 413 2379 ὑμῖν
437 2328 542 2367 εἶναι
566 2326 686 2381 φίλος
712 2332 754 2366 et
780 2340 894 2380 quae·
913 2332 1140 2379 sequuntur.
1196 2326 1336 2380 Neque
1365 2325 1492 2379 magis
1519 2324 1571 2365 de
1599 2323 1684 2365 solo
1710 2323 1894 2365 Diodoro
1923 2323 2001 2364 diei
2029 2329 2197 2378 possunt

171 2414 222 2442 ea
257 2414 360 2456 quae
397 2402 437 2441 in
473 2398 608 2441 verbis
642 2400 945 2455 insequentibus
980 2404 1049 2441 καὶ
1080 2401 1237 2453 μᾶλλον
1283 2400 1382 2453 ἐμοῦ
1427 2406 1627 2440 κατειπεῖν
1661 2397 1786 2439 latere
1822 2398 2194 2441 demonstrabimus»

169 2476 344 2517 maxime
380 2481 515 2517 autem
551 2473 602 2515 de
640 2474 822 2516 Diodoro
856 2473 949 2515 ideo
978 2475 1233 2534 cogitandum
1266 2487 1348 2515 non
1384 2482 1447 2514 est
1479 2472 1589 2528 quod
1614 2486 1664 2513 ea
1689 2486 1802 2527 quae.
1818 2473 1950 2526 statim
1977 2479 2196 2528 sequuntur

168 2551 197 2589 ἆ·
222 2549 259 2591 δ’
270 2549 438 2601 ἔλεγε,
466 2550 600 2589 πάντα
625 2552 701 2601 μὲν
727 2547 800 2590 οῦκ
825 2550 880 2591 ἄν
904 2550 1057 2601 εἴποιμι
1083 2548 1136 2589 ad
1163 2548 1272 2588 illum
1299 2547 1409 2588 nulla
1434 2548 1588 2588 ratione
1615 2554 1796 2600 spectare
1822 2554 2000 2602 possunt.
2045 2547 2202 2600 etenim

166 2623 452 2665 calumniarum
486 2624 528 2664 in
564 2630 765 2664 oratorem
800 2624 993 2663 iactatum
1027 2621 1161 2676 plures
1197 2622 1412 2676 participes
1449 2629 1573 2672 erant,
1604 2620 1647 2662 id
1684 2621 1793 2676 quod
1828 2630 1872 2662 ut
1905 2620 1985 2663 alia
2018 2627 2201 2674 praesen*

166 2699 368 2741 mittamus
396 2691 614 2740 certissime
643 2697 771 2740 elucet
798 2711 850 2739 ex
877 2697 935 2739 eis
963 2710 1068 2751 quae
1094 2696 1200 2739 infra
1229 2695 1280 2737 de
1308 2695 1607 2751 Thrasymacho
1636 2694 1864 2751 Menophilo
1895 2694 1983 2737 aliis
2009 2693 2192 2744 audimus

167 2771 236 2827 [14
262 2780 303 2815 et
333 2771 408 2828 15].
