2453 3145
1200 93 1235 138 4

212 227 248 266 si
274 240 339 266 res
366 227 550 280 postulet.
602 227 837 277 ἕπεγκαλετν
865 235 996 268 autem
1023 228 1081 268 ita
1116 235 1159 268 ut
1185 227 1386 270 declaravi
1420 230 1529 285 apud
1555 231 1720 284 Lysiam
1747 237 1838 285 apte
1866 230 2021 273 dicitur.
2076 232 2222 274 etenim

212 305 348 341 orator
375 299 428 341 ab
457 301 513 341 eis
534 314 633 355 quos
658 301 805 341 amicos
833 313 922 342 esse
949 300 1115 355 putabat
1140 301 1252 343 initio
1280 302 1456 356 occultis,
1482 311 1625 358 postea
1650 305 1798 359 apertis
1824 304 2028 346 calumniis
2052 310 2223 347 vexatus

213 379 320 413 erat:
347 387 429 427 qua
456 373 506 413 de
534 386 655 414 causa
680 379 765 413 tota
791 372 869 413 hac
894 374 1071 414 oratione
1099 376 1159 414 sui
1186 375 1383 428 purgandi
1410 389 1533 416 causa
1551 390 1643 417 suas
1662 384 1800 418 contra
1825 378 1912 417 illos
1931 378 2222 418 criminationes

213 447 391 500 exponit.
446 446 542 486 dicit
567 447 688 500 igitur
714 446 815 486 haec
840 446 998 486 ‘adsunt
1024 448 1060 486 ei
1088 452 1224 486 contra
1250 461 1349 501 quos
1376 461 1486 487 meas
1515 450 1808 490 criminationes
1833 452 2012 505 proferre
2031 450 2133 491 volo·
2158 450 2224 491 vel

214 519 373 561 ‘adsunt
400 521 437 560 ei
462 520 608 574 quibus
635 534 765 560 meam
792 522 1085 561 accusationem
1112 521 1292 575 oppono'.

403 594 505 636 Illud
532 596 653 649 igitur
679 594 847 636 verbum
872 594 1121 636 reddendum
1147 595 1294 648 Lysiae
1330 609 1418 636 esse
1455 609 1621 638 censeo:
1659 597 1732 639 sed
1767 605 1985 653 sequuntur
2020 612 2123 654 quae
2148 598 2226 641 nin‘

215 668 479 708 emendantur
497 667 674 722 intellegi
691 674 913 723 nequeant:
939 669 1100 722 πάρεισι
1118 668 1164 709 δὲ
1181 665 1238 709 ὦν
1254 669 1435 709 ἐναντίον
1451 670 1640 723 ἐπιθυμῶ·
1656 674 1908 724 μέμψασθαι
1925 679 2005 720 mr«,-
2021 672 2225 713 ἀδικῶσιν

210 743 291 795 ἐμέ.
347 746 473 783 καίτοι
507 743 647 798 πολλῷ
682 743 832 783 πλείων
866 744 946 783 ἐστὶ
982 743 1135 797 σπουδὴ
1171 743 1273 796 πρὸς
1306 743 1395 790 τυὺς
1429 745 1643 796 παρόντας.
1698 747 1741 785 in
1776 746 1837 785 his
1873 750 1999 788 naum
2033 746 2226 801 particula

211 816 356 870 Lysias
383 830 463 855 non
492 816 651 856 videtur
680 831 773 856 usus
802 831 903 857 esse.
939 822 1064 858 καίωι
1092 819 1193 857 enim
1220 819 1261 857 in
1286 825 1442 858 centum
1468 819 1552 858 fere
1580 826 1620 858 et
1639 820 1812 873 quinque
1831 819 2023 874 exemplis
2042 819 2225 861 omnibus

214 904 316 944 quae
344 904 398 930 ex
426 891 590 944 triginta
617 898 802 944 quattuor
836 890 1080 932 orationibus
1116 891 1298 944 Lysiacis
1326 891 1468 946 collegi
1495 899 1653 947 praeter
1679 906 1808 947 pauca
1844 907 1892 934 ea
1928 893 1980 934 de
2007 894 2149 948 quibus
2176 894 2226 935 si·

212 963 378 1018 gillatim
406 963 536 1005 dicam
563 971 632 1005 aut
659 963 812 1005 orditur
839 964 957 1005 talem
986 965 1218 1006 sententiam
1246 965 1354 1020 quali
1382 965 1588 1020 superbi-a
1614 966 1915 1020 restringantur,
1941 975 1985 1007 ut
2007 972 2065 1007 ita
2083 967 2224 1020 dicam,

213 1038 280 1077 vel
306 1039 555 1092 corrigantur
582 1038 646 1078 vel
673 1040 832 1078 omnino
861 1040 918 1078 eis
946 1040 1094 1094 aliquid
1114 1047 1347 1094 opponatur,
1374 1040 1667 1094 respondetque
1694 1040 1761 1080 illa
1782 1041 1977 1094 particula
1992 1041 2225 1090 Latinorum
2279 1040 2281 1044 ’

216 1112 500 1166 ‘quamquam’z
528 1120 597 1153 aut
623 1121 685 1153 est
710 1114 752 1153 in
779 1113 1031 1153 conclusione
1064 1115 1294 1154 Latinorum
1323 1114 1468 1167 ‘atqui',
1504 1114 1791 1154 Germanorum
1828 1114 1921 1154 ‘nun
1948 1113 2067 1166 aber’‚
2101 1116 2158 1155 ita
2182 1121 2226 1156 nt

214 1193 305 1240 post
336 1188 647 1240 propositionem
681 1186 832 1228 indicet
865 1188 1018 1228 initium
1063 1188 1351 1242 assumptionis.
1394 1201 1446 1228 ne
1482 1196 1614 1227 autem
1650 1187 1809 1228 ariolari
1843 1186 1994 1239 videar,
2031 1188 2071 1228 in
2111 1203 2225 1230 usum

214 1274 352 1301 eorum
370 1262 438 1313 qui
455 1262 532 1314 ipsi
550 1261 654 1301 hanc
671 1275 756 1301 rem
774 1262 1018 1314 perscrutari
1037 1260 1169 1301 volent
1188 1260 1378 1301 nonnulla
1405 1262 1607 1314 utriusque
1634 1262 1793 1315 generis
1819 1261 2003 1315 exempla
2028 1259 2225 1315 adscribo,

213 1347 262 1374 ac
279 1334 423 1388 prioris
443 1333 605 1388 quidem
622 1333 724 1375 haec
749 1334 787 1387 3,
797 1335 861 1376 22.
890 1335 1000 1386 6‚10.
1030 1336 1065 1387 7,
1075 1334 1138 1376 22.
1157 1334 1263 1386 7‚32.
1292 1334 1423 1385 12‚47.
1453 1335 1513 1387 12,
1523 1334 1588 1375 57.
1622 1335 1679 1386 17,
1689 1335 1726 1375 4.
1753 1334 1889 1385 26,16.
1915 1334 2054 1387 30‚18.
2080 1336 2222 1388 31,26,

213 1407 375 1448 alterius
411 1406 512 1447 haec
547 1408 687 1460 31,22.
715 1408 853 1457 28,1o.
882 1408 989 1460 27,3.
1019 1409 1154 1460 24,12.
1181 1409 1293 1460 24‚2.
1319 1409 1457 1459 22,16.
1484 1408 1622 1460 20,34.
1651 1408 1789 1460 20‚27.
1826 1408 1961 1460 13,22.
2002 1409 2108 1460 1,42.
2141 1409 2225 1463 plu·

211 1482 402 1522 rimorum
429 1492 562 1522 autem
590 1482 862 1536 exemplorum
890 1484 990 1522 ratio
1018 1482 1075 1522 ita
1101 1490 1330 1534 comparata
1357 1489 1418 1522 est
1444 1489 1488 1522 ut
1504 1485 1630 1522 καίτοι
1648 1482 1879 1535 particulam
1898 1489 2085 1535 sequatur
2103 1497 2224 1524 enun-

214 1557 332 1597 ciatio
361 1555 650 1608 conditionalis,
677 1558 763 1597 sive
790 1563 923 1597 orator
950 1556 1123 1597 ‘ostendit
1140 1556 1232 1610 quid
1252 1556 1426 1597 futurum
1443 1556 1566 1597 fuerit
1583 1558 1616 1597 si
1635 1556 1891 1598 adversarius
1910 1563 2049 1598 contra
2065 1555 2226 1598 fecisset

212 1637 333 1683 atque
369 1636 488 1671 antea
522 1629 773 1671 insimulatus
801 1637 871 1682 est,
900 1631 985 1670 sive
1012 1630 1108 1684 quid
1133 1636 1366 1671 eventurum
1393 1631 1445 1671 sit
1470 1631 1505 1670 si
1533 1629 1575 1670 id
1601 1630 1672 1671 fiat
1688 1629 1795 1685 quod
1813 1630 2034 1670 adversarii
2051 1630 2224 1683 cupiant,

211 1703 277 1743 vel
304 1703 401 1757 quid
429 1710 614 1760 oporteat
640 1703 729 1743 fieri
755 1705 789 1743 si
813 1703 857 1743 id
882 1717 1020 1744 verum
1047 1704 1099 1743 sit
1125 1703 1174 1743 de
1202 1717 1280 1757 quo
1308 1712 1400 1744 ante
1428 1704 1574 1744 dictum
1602 1711 1673 1751 est,
1691 1705 1776 1743 sive
1794 1703 1902 1743 aliud
1921 1702 2060 1742 simile.
2104 1710 2222 1756 atque

211 1784 380 1831 apparet
414 1777 468 1817 ad
503 1777 720 1817 ordiendae
747 1777 939 1817 eiusmodi
966 1777 1179 1817 sententias
1206 1776 1313 1817 illam
1339 1780 1465 1817 καίτοι
1489 1777 1722 1831 particulam
1759 1791 1808 1817 ea
1834 1791 1952 1831 quam
1979 1777 2154 1817 diximus
2180 1778 2222 1825 vj

210 1851 431 1906 praeditam
459 1852 635 1891 maxime
661 1852 998 1892 accommodatam
1025 1865 1122 1892 esse.
1176 1851 1362 1905 exempla
1396 1853 1475 1892 iam
1501 1853 1543 1892 in
1570 1852 1628 1892 eis
1654 1858 1746 1892 sunt
1780 1865 1884 1905 quae
1918 1865 2039 1905 supra
2062 1851 2142 1892 alia
2169 1850 2222 1892 de

213 1940 335 1967 causa
360 1926 485 1978 attuli,
513 1926 592 1967 alia
617 1933 750 1966 autem
778 1939 831 1966 ex
856 1925 988 1966 multis
1005 1925 1105 1966 haec
1127 1927 1225 1967 sint:
1256 1927 1365 1978 1‚31.
1399 1927 1501 1981 1,40.
1532 1926 1612 1978 7,8.
1645 1925 1779 1977 13,53.
1808 1926 1939 1978 16,11.
1972 1926 2079 1977 18,8.
2106 1926 2219 1977 21,7.

211 2000 350 2052 23,15.
386 2000 450 2052 32,
460 2001 523 2041 23.
558 2000 622 2048 34,
633 2001 671 2041 2.
712 1999 768 2039 illi
805 2006 938 2040 autem
973 2013 1091 2054 quam
1127 1999 1326 2055 explicavi
1352 2000 1502 2040 notioni
1531 2006 1839 2041 consentaneum
1866 2005 1927 2040 est
1953 2000 2171 2054 enunciatis
2197 2013 2225 2041 a

209 2077 338 2115 aalma
363 2073 559 2128 particula
584 2072 868 2127 incipientibus
895 2080 1090 2114 oratorem
1116 2074 1437 2115 adversariorum
1464 2073 1711 2127 opinationes
1739 2079 1778 2113 et
1805 2071 2014 2113 mendacia
2038 2072 2224 2114 refellere

212 2147 278 2188 vel
303 2146 424 2187 rebus
459 2148 585 2201 gestis
621 2160 758 2187 eorum
796 2146 1018 2187 obtrectare
1053 2154 1122 2188 aut
1146 2147 1298 2188 iudices
1334 2146 1573 2200 populumve
1599 2146 1899 2186 Atheniensium
1929 2145 2222 2200 reprehendere

217 2221 282 2262 vel
301 2223 518 2262 sententias
536 2223 673 2261 eorum
701 2221 936 2274 vituperatis
956 2222 1161 2261 contrariis
1179 2221 1384 2262 sententiis
1402 2233 1694 2274 praeoccupare
1713 2218 1884 2259 studere.
1930 2218 2036 2273 quod
2063 2232 2107 2259 re
2126 2232 2224 2259 veta

211 2296 332 2336 certis
364 2295 471 2349 apud
499 2295 663 2348 Lysiam
699 2293 893 2348 exemplis
926 2294 1107 2335 omnibus
1134 2294 1360 2335 confirmari
1391 2307 1444 2333 ex
1470 2293 1639 2347 repetita
1664 2306 1800 2332 eorum
1828 2292 2100 2346 disquisitione
2126 2291 2222 2332 mibi

210 2369 405 2423 persuasi.

406 2442 529 2497 Atqui
561 2443 603 2482 in
638 2441 715 2482 illis
751 2454 855 2496 quae
882 2455 1004 2496 supra
1031 2455 1084 2482 ex
1110 2448 1252 2482 octava
1288 2442 1466 2482 oratione
1493 2438 1686 2493 adscripsi
1713 2441 1838 2479 sabroe
1864 2438 2058 2492 particula
2090 2450 2221 2492 neque

211 2518 418 2572 restringit
435 2530 484 2557 ea
501 2530 604 2572 quae
623 2515 867 2557 antecedunt
882 2528 1012 2570 neque
1034 2516 1295 2557 conclusionis
1312 2514 1623 2568 assumptionem
1641 2513 1780 2555 efficit:
1806 2514 1926 2553 immo
1944 2524 2042 2553 vero
2060 2510 2222 2553 additur

209 2593 264 2633 ab
283 2599 442 2632 oratore
460 2591 587 2632 altera
604 2605 724 2631 causa
750 2605 822 2631 cur
850 2590 1123 2644 ‘opportunam
1151 2589 1309 2631 dicendi
1336 2589 1585 2629 occasionem
1611 2593 1777 2628 nanctus
1803 2587 1902 2628 esse'
1928 2585 2006 2627 sibi
2023 2585 2219 2627 videatur.

209 2666 336 2708 altera
361 2666 465 2706 enim
497 2679 618 2707 causa
643 2671 705 2706 est
729 2664 961 2719 praesentia
986 2670 1027 2705 et
1053 2678 1188 2706 eorum
1216 2662 1361 2718 quibus
1380 2661 1594 2703 calumnias
1620 2660 1838 2716 exprobrat
1864 2667 1905 2702 et
1921 2673 2057 2701 eorum
2075 2656 2221 2713 quibus

209 2753 383 2795 purgare
410 2753 454 2780 se
481 2740 609 2793 cupit:
635 2738 762 2781 altera
788 2751 911 2779 causa
935 2738 1066 2792 posita
1093 2744 1153 2779 est
1178 2738 1221 2778 in
1247 2737 1398 2777 maiore
1423 2735 1582 2776 dicendi
1610 2735 1740 2776 studio
1768 2734 1876 2789 quod
1901 2735 1991 2788 ipsa
2014 2732 2082 2772 illa
2108 2744 2220 2786 prae-

207 2815 340 2855 sentia
365 2814 494 2854 creari
520 2813 627 2854 dicit.
673 2819 882 2868 praeterea
907 2818 991 2852 tota
1015 2799 1171 2852 illorum
1196 2810 1411 2851 verborum
1439 2810 1695 2852 conformatio
1732 2809 1885 2850 absona
1915 2814 1977 2848 est
2002 2820 2028 2848 a
2056 2818 2217 2848 cousue-
