2453 3145
1188 97 1293 159 ιι,

156 221 176 257 ⁷⁷
192 207 196 212 -
211 235 503 283 «mm
520 241 591 281 est
615 240 800 286 quartam
827 245 990 287 quoquo
1015 240 1172 288 partem
1202 245 1308 285 quae
1334 241 1428 275 ante
1457 236 1660 289 epilogum
1687 235 1964 288 complectitur
2000 237 2038 284 ξ
2073 234 2121 274 15
2149 241 2190 274 et
2219 235 2268 275 16

116 350 121 357 d
226 296 385 368 ’ρῑίςαο
394 307 593 352 vinculo
604 308 860 352 coniunctam
900 319 990 352 esse
1026 318 1121 345 cum
1160 309 1351 346 extremis
1393 307 1528 347 verbis
1568 308 1842 361 dispositionis
1883 308 1945 347 his
1981 312 2109 347 καίτοι
2142 308 2265 352 otiu-29

197 376 479 433 Min.
500 408 519 424 ,.
546 387 758 420 κατειπεῖν
817 385 878 419 est
905 377 1108 419 vinculum
1141 379 1176 418 si
1203 385 1338 419 orator
1369 392 1420 418 08
1447 379 1551 419 dixit
1579 392 1683 432 quae
1710 380 1991 422 commendata
2017 393 2044 420 a
2069 393 2134 419 me
2161 385 2265 419 sunt.

286 497 294 500 ,
378 453 538 512 δ,93180
564 459 768 506 postrema
794 452 845 491 de
873 452 1133 505 dispositione
1160 465 1242 491 non
1269 452 1397 492 solum
1425 453 1517 491 ideo
1545 454 1745 506 disputavi
1771 461 1817 493 'ut
1834 454 2130 493 firmamentum
2157 466 2271 492 8000·

163 553 167 557 -
230 525 356 574 dotet
372 525 425 573 ad
451 539 568 571 meas,
581 512 897 576 emendationes,
925 524 998 564 sed
1026 526 1145 566 etiam
1176 532 1218 565 ut
1245 525 1363 567 simul
1388 526 1642 578 perspicuum
1671 534 1777 566 esset
1803 540 1885 566 ιιοιι
1913 527 2023 566 omni
2050 532 2138 566 arte
2166 525 2271 566 banc

230 604 415 658 octavam
443 599 663 639 orationem
690 612 779 639 esse
816 598 1058 639 destitutam.
1111 604 1238 638 restat
1273 604 1318 638 ut
1352 597 1544 644 nonnulla
1579 598 1751 639 adiciam
1777 614 1881 653 quae
1917 600 1969 639 ad
1999 599 2105 639 solas
2134 611 2266 638 emen-

230 656 414 720 dationes
441 677 634 739 spectent.
688 677 775 712 erat
802 685 892 711 cum
920 670 971 712 de
999 670 1180 721 ἐνοχλεῖν
1206 670 1333 711 verbo
1361 669 1610 711 dubitarem.
1643 671 1717 711 sed
1743 672 1822 711 iam
1848 672 1945 712 mihi
1972 672 2157 726 persuasi
2185 684 2268 711 mo·

227 743 372 795 lcsmm
397 750 506 785 recte
533 757 624 788 eum
640 743 846 798 adpellari
873 745 942 798 qui
969 746 1086 797 quasi
1114 743 1302 784 obtrudat
1327 742 1445 783 nobis
1472 744 1686 783 amicitiam
1715 744 1950 784 simulatam.
2007 744 2155 784 deinde
2184 743 2263 783 Co-

157 811 160 813 *
226 818 349 862 bema
381 818 509 859 edidit
543 818 709 857 articulo
746 819 895 863 inserto
932 823 1026 866 περὶ
1052 819 1240 863 πλείονος
1265 818 1482 868 ἐποιήσατο
1521 818 1572 856 τὸ
1602 818 1737 856 δοκεῖν
1764 819 1863 867 ἐμοῦ
1889 819 2101 869 κήδεσθαι.
2159 817 2270 869 quod

194 910 195 913 ¹
227 876 546 937 additaimntum
582 889 675 929 licet
709 889 1049 929 Rauchensteinio
1088 887 1195 941 [ann.
1233 888 1329 941 phil.
1358 888 1497 929 Fleck.
1526 890 1573 929 91
1604 904 1645 942 p.
1672 887 1766 941 604]
1795 889 2007 942 probatum
2034 897 2168 929 tamen
2195 902 2266 929 ne-

229 976 447 1010 cassanum
474 976 563 1003 esse
589 975 707 1014 nego,
764 961 941 1002 Cobetus
967 961 1077 1017 haud
1107 961 1229 1002 dubie
1256 961 1498 1015 opinabatur
1525 963 1568 1002 ui
1595 961 1693 1003 illud
1721 962 1923 1003 excidisse
1951 969 2115 1015 propter
2147 961 2266 1014 sylla·

229 1035 322 1080 bam
350 1040 573 1076 extremam
600 1034 686 1074 eius
713 1033 898 1077 vocabuli
926 1033 1035 1087 quod
1062 1033 1272 1074 antecedit.
1329 1033 1403 1073 sed
1439 1034 1611 1074 vidimus
1639 1036 1856 1087 ἐποιήσατο
1886 1034 2036 1073 dictum
2067 1047 2148 1073 non
2175 1047 2265 1073 esse

190 1093 202 1104 ο
227 1109 281 1153 ab
306 1093 469 1150 oratore
495 1109 569 1155 sed
595 1109 859 1161 ἐποιήσασθε.
915 1114 957 1147 et
992 1121 1088 1147 sane
1126 1108 1271 1161 Lysias
1299 1108 1500 1166 infinitivo
1539 1122 1591 1147 ex
1618 1113 1711 1159 περὶ
1739 1109 1896 1148 πολλοῦ
1921 1111 2135 1148 ποιεῖσθαι
2162 1107 2266 1148 locu·

227 1183 355 1232 tione>
372 1196 566 1236 suspenso
603 1182 834 1236 praeposuit
870 1180 993 1221 semel
1029 1181 1237 1221 articulum
1274 1183 1317 1221 in
1352 1181 1462 1222 hisce
1499 1182 1635 1222 verbis
1672 1183 1825 1235 primae
1859 1182 2052 1222 orationis
2081 1179 2136 1234 [1]
2174 1186 2267 1233 περὶ

210 1256 381 1301 ’πολλοῦ
416 1257 470 1295 ἄν
503 1259 759 1308 ποιησαίμην,
807 1254 840 1294 ὦ
875 1254 1039 1306 οἰίνδρες,Ι
1077 1254 1128 1294 τὸ
1165 1256 1372 1301 τοιούτους.
1398 1253 1502 1306 ὑμᾶς
1544 1255 1633 1306 ἐμοὶ
1669 1255 1856 1302 δικαστὰς
1893 1260 1984 1307 περὶ
2023 1256 2160 1295 τούτου
2196 1258 2266 1295 τοῦ

226 1329 462 1381 πράγματος
487 1331 693 1379 γενέσθαι,
722 1315 765 1368 at
791 1328 882 1370 ideo
910 1341 992 1367 non
1012 1327 1133 1368 debet
1152 1340 1309 1380 semper
1327 1329 1608 1381 praeposuisse
1635 1327 1865 1368 articulum:
1893 1329 2012 1367 immo
2033 1328 2262 1381 exemplum

154 1401 157 1404 ’
226 1401 335 1456 apud
364 1415 455 1443 eum
483 1409 546 1441 est
571 1402 622 1451 in,
640 1415 719 1455 quo
746 1414 798 1440 ne
825 1401 953 1454 possit
978 1400 1139 1454 quidem
1160 1402 1355 1454 praeponi
1381 1400 1582 1452 articulus,
1609 1402 1650 1440 in
1676 1400 1736 1440 his
1762 1401 1897 1441 verbis
1918 1399 1977 1454 [31
1986 1432 1997 1452 ,
2012 1400 2074 1455 18]
2104 1402 2265 1448 τούτους

225 1459 417 1532 ἀφῃρεῖτο
451 1473 500 1513 τὰ
536 1472 780 1526 ὑπάρχοντα,
828 1477 920 1524 περὶ
957 1473 1143 1519 πλείονος
1179 1474 1418 1525 ποιούμενος
1460 1472 1578 1519 αὐτὸς
1615 1473 1737 1525 μικρὰ
1776 1474 1998 1525 κερδαίνειν
2035 1476 2061 1526 ἢ
2093 1475 2267 1520 ἐκείνους

223 1548 357 1599 μηδὲν
377 1547 554 1600 ἀδικεῖν,
600 1561 705 1600 quae
732 1547 859 1585 verba
886 1560 934 1585 eo
960 1546 1172 1585 libentiore
1209 1548 1341 1585 animo
1379 1547 1550 1599 adposui
1586 1548 1681 1599 quia
1717 1548 1836 1585 etiam
1870 1549 1909 1585 in
1947 1548 2111 1599 reliquis
2146 1548 2265 1599 plane

224 1619 367 1662 eadem
402 1623 556 1660 ratione
593 1620 840 1659 conformata
874 1626 967 1659 sunt
1001 1625 1122 1671 atque
1159 1619 1224 1658 illa
1260 1633 1365 1671 quae
1398 1620 1564 1672 Lysiam
1603 1621 1645 1659 in
1674 1621 1852 1659 oratione
1881 1626 2025 1659 octava
2052 1621 2261 1672 scripsisse

223 1693 376 1734 conieci
403 1698 496 1744 περὶ
523 1693 708 1740 πλείονος
733 1693 985 1745 ἐποιήσασθε
1013 1692 1148 1733 δοκεῖν
1177 1693 1276 1743 ἐμοῦ
1302 1692 1504 1745 κήδεσθαι
1532 1694 1560 1745 ἤ
1588 1692 1774 1745 ἀλλήλων
1799 1692 1852 1745 μὴ
1883 1701 2097 1733 κατειπεῖν.

1184 1828 1294 1871 IIII.

415 1912 463 1950 ln
490 1912 548 1960 eis
576 1924 680 1963 quae
709 1917 927 1962 sequuntur
965 1908 1021 1962 [4]
1060 1911 1135 1949 etsi
1161 1910 1343 1950 homines
1380 1911 1487 1949 docti
1518 1912 1598 1949 iam
1626 1913 1758 1950 varias
1786 1918 2045 1950 tentaverunt
2073 1911 2261 1950 emenda·

222 1986 353 2029 tiones
401 1991 494 2023 sunt
528 1991 665 2023 tamen
691 1983 757 2021 vel
788 1997 895 2022 nunc
921 1982 1029 2022 haud
1056 1984 1228 2035 exiguae
1257 1983 1521 2024 difficultates.
1575 1984 1677 2023 liber
1705 1984 1907 2023 Palatinus
1934 1984 2035 2023 haec
2061 1984 2205 2024 habet:
2233 1984 2265 2022 ἆ

163 2083 167 2087 ι
222 2056 382 2109 ἄέλεγε,
421 2057 553 2102 πάντα
588 2060 665 2109 μὲν
699 2054 770 2096 οὐκ
808 2070 860 2095 αν
886 2057 1050 2109 εἴποιμι·
1088 2060 1154 2096 καὶ
1189 2056 1267 2109 γὰρ
1296 2054 1454 2107 ἀκούων
1490 2055 1688 2110 ἠχθόμην,
1728 2054 1815 2096 οὐδ’
1843 2056 1897 2096 ἄν
1924 2053 2018 2109 υμῖν
2044 2055 2256 2105 ἐπικαλῶν,

224 2132 283 2172 ὅτι
308 2131 461 2181 ἐλέγετε
488 2132 574 2170 κατ’
601 2131 699 2182 ἐμοῦ
725 2132 859 2178 ταῦτα,
890 2129 1065 2182 δόξαιμι·
1103 2135 1169 2170 καὶ
1194 2130 1272 2182 γὰρ
1305 2131 1358 2170 ἄν
1385 2129 1604 2182 ἀπολύοιμι
1631 2134 1697 2183 τῆς
1725 2132 1856 2176 αἰτίας
1882 2129 1997 2182 ὑμᾶς,
2028 2133 2139 2182 εἴπερ
2168 2128 2263 2181 ὑμῖν

222 2206 347 2245 ’ταῦτα
379 2204 535 2255 λέγοιμι
572 2207 663 2255 περὶ
698 2204 880 2254 ἐμαυτοῦ·
920 2202 950 2241 οἳ
986 2203 1032 2241 δὲ
1070 2202 1243 2254 ὑβρίζειν
1287 2204 1463 2254 οἰόμενοι
1506 2204 1576 2253 ἐμὲ
1612 2204 1928 2252 καταγελάστους
1972 2202 2075 2253 ὑμᾶς
2117 2203 2262 2249 αὐτοὺς

223 2272 406 2326 dionem,
433 2279 556 2327 ταῦτα
584 2276 697 2323 λέξω.
745 2277 786 2315 ἰιι
815 2275 877 2315 his
905 2289 978 2328 pro
1007 2290 1055 2315 eo
1084 2276 1192 2328 quod
1218 2277 1260 2314 in
1286 2275 1389 2314 libro
1417 2289 1537 2315 manu
1565 2278 1713 2329 scripto
1733 2284 1794 2316 est
1812 2277 1922 2325 ἔλεγε
1942 2277 2089 2315 oratori
2109 2276 2261 2324 ἐλέγετε

221 2349 349 2398 altera
374 2349 566 2402 plurativi
590 2350 747 2389 numeri
772 2362 945 2402 persona
971 2348 1218 2390 restituenda
1245 2355 1317 2389 est.
1363 2348 1471 2401 quod
1500 2363 1742 2402 quamquam
1769 2355 1877 2389 recte
1903 2348 1993 2388 fieri
2022 2348 2175 2388 eisdem
2204 2348 2256 2388 de

148 2456 151 2458 .
222 2419 353 2472 tausis
380 2420 624 2475 intellegitur
650 2420 798 2475 quibus
825 2421 936 2463 ducti
962 2434 1087 2476 supra
1114 2419 1324 2475 ἧνωχλεττε
1352 2428 1392 2461 et
1419 2421 1671 2475 ἐποιήσασθε
1700 2421 1942 2475 scripsimus,
1975 2428 2110 2460 tamen
2138 2419 2262 2461 stabi-

220 2493 315 2548 litui·
339 2494 452 2537 nova
474 2506 633 2547 quoque
661 2506 795 2533 causa.
853 2495 1131 2545 certissimum
1146 2501 1208 2533 est
1234 2495 1339 2532 enim
1368 2507 1421 2532 ex
1447 2501 1591 2533 natura
1622 2498 1698 2544 μέν
1725 2502 1765 2533 et
1791 2495 1840 2533 δέ
1867 2494 2156 2547 particularum
2184 2496 2264 2548 pri-

219 2575 328 2618 mam
361 2575 402 2607 et
438 2574 659 2623 extremam
695 2568 935 2624 sententiam
968 2581 1106 2607 eorum
1143 2581 1246 2620 quae
1284 2581 1410 2621 supra
1439 2569 1555 2618 posui
1590 2569 1695 2607 inter
1732 2583 1777 2607 se
1814 2569 2074 2621 respondere,
2117 2568 2207 2609 dico
2235 2586 2265 2609 α

221 2640 423 2701 ‘sturm
439 2670 450 2682 .
480 2671 492 2682 .
519 2641 654 2685 πάντα
687 2643 781 2692 μὲν
818 2637 891 2680 οὔκ
916 2640 970 2680 ἄν
995 2642 1147 2700 εἴποιμι
1183 2647 1223 2680 et
1258 2640 1287 2679 ἁ
1323 2639 1378 2679 δὲ
1414 2637 1589 2692 υβρίζειν
1626 2641 1804 2693 οἰόμενοι
1833 2672 1843 2682 .
1874 2642 2100 2691 ‚gamana
2141 2646 2263 2683 ταῦτα

208 2715 345 2767 λέξο.
367 2715 506 2769 atqui
524 2715 567 2755 in
593 2715 816 2768 posteriore
843 2713 1054 2764 sententia,
1082 2725 1162 2765 qua
1188 2725 1232 2752 se
1259 2719 1414 2765 partem
1442 2712 1718 2754 tantummodo
1737 2714 1941 2767 quandam
1968 2714 2259 2755 calumniarum

221 2794 620 2847 memoraturum
656 2800 746 2828 esse
779 2792 914 2827 orator
950 2775 1134 2839 affirmat,
1171 2770 1426 2826 adversarios
1463 2799 1556 2826 suos
1583 2786 1782 2841 appellat:
1818 2800 1953 2828 nonne
1988 2788 2112 2842 igitur
2137 2789 2261 2829 etiam

2008 2860 2030 2893 3
